{
  "ticker": "SUI",
  "name": "SUN COMMUNITIES, INC",
  "quarters": [
    {
      "date": "2020-12-31T00:00:00",
      "quarter_label": "2020-12 (Q4)",
      "revenue": 384265000,
      "gross_profit": null,
      "operating_income": null,
      "net_income": 7586000,
      "opex": 393060000,
      "cogs": null,
      "rd": null,
      "sga": null,
      "fcf": 78842000,
      "ocf": 78842000,
      "capex": null,
      "gross_margin": null,
      "op_margin": null,
      "fcf_margin": 0.2051761154411669
    },
    {
      "date": "2021-03-31T00:00:00",
      "quarter_label": "2021-03 (Q1)",
      "revenue": 442015000,
      "gross_profit": null,
      "operating_income": null,
      "net_income": 24782000,
      "opex": 418688000,
      "cogs": null,
      "rd": null,
      "sga": null,
      "fcf": 220500000,
      "ocf": 220500000,
      "capex": null,
      "gross_margin": null,
      "op_margin": null,
      "fcf_margin": 0.49885184891915435,
      "op_leverage_ratio": 2.3049700868407306,
      "fcf_margin_change": 0.2936757334779875
    },
    {
      "date": "2021-06-30T00:00:00",
      "quarter_label": "2021-06 (Q2)",
      "revenue": 603863000,
      "gross_profit": null,
      "operating_income": null,
      "net_income": 110770000,
      "opex": 509045000,
      "cogs": null,
      "rd": null,
      "sga": null,
      "fcf": 250200000,
      "ocf": 250200000,
      "capex": null,
      "gross_margin": null,
      "op_margin": null,
      "fcf_margin": 0.41433238996262395,
      "op_leverage_ratio": 1.696676482057238,
      "fcf_margin_change": -0.0845194589565304
    },
    {
      "date": "2021-09-30T00:00:00",
      "quarter_label": "2021-09 (Q3)",
      "revenue": 684294000,
      "gross_profit": null,
      "operating_income": null,
      "net_income": 231770000,
      "opex": 537287000,
      "cogs": null,
      "rd": null,
      "sga": null,
      "fcf": 185300000,
      "ocf": 185300000,
      "capex": null,
      "gross_margin": null,
      "op_margin": null,
      "fcf_margin": 0.27079004053813127,
      "op_leverage_ratio": 2.400743575840585,
      "fcf_margin_change": -0.14354234942449268
    },
    {
      "date": "2021-12-31T00:00:00",
      "quarter_label": "2021-12 (Q4)",
      "revenue": 542433000,
      "gross_profit": null,
      "operating_income": null,
      "net_income": 40978000,
      "opex": 521484000,
      "cogs": null,
      "rd": null,
      "sga": null,
      "fcf": 97600000,
      "ocf": 97600000,
      "capex": null,
      "gross_margin": null,
      "op_margin": null,
      "fcf_margin": 0.17993005587786878,
      "rev_growth_yoy": 0.4116117783300587,
      "fcf_margin_change": -0.09085998466026249
    },
    {
      "date": "2022-03-31T00:00:00",
      "quarter_label": "2022-03 (Q1)",
      "revenue": 548500000,
      "gross_profit": null,
      "operating_income": null,
      "net_income": 700000,
      "opex": 523000000,
      "cogs": null,
      "rd": null,
      "sga": null,
      "fcf": 225700000,
      "ocf": 225700000,
      "capex": null,
      "gross_margin": null,
      "op_margin": null,
      "fcf_margin": 0.411485870556062,
      "rev_growth_yoy": 0.2409081139780324,
      "rev_growth_yoy_accel": -0.17070366435202627,
      "op_leverage_ratio": 3.8474207144885426,
      "fcf_margin_change": 0.23155581467819322
    },
    {
      "date": "2022-06-30T00:00:00",
      "quarter_label": "2022-06 (Q2)",
      "revenue": 814300000,
      "gross_profit": null,
      "operating_income": null,
      "net_income": 74000000,
      "opex": 707700000,
      "cogs": null,
      "rd": null,
      "sga": null,
      "fcf": 306300000,
      "ocf": 306300000,
      "capex": null,
      "gross_margin": null,
      "op_margin": null,
      "fcf_margin": 0.3761512955913054,
      "rev_growth_yoy": 0.3484846728479804,
      "rev_growth_yoy_accel": 0.10757655886994799,
      "op_leverage_ratio": 1.3721864868453069,
      "fcf_margin_change": -0.035334574964756615
    },
    {
      "date": "2022-09-30T00:00:00",
      "quarter_label": "2022-09 (Q3)",
      "revenue": 932600000,
      "gross_profit": null,
      "operating_income": null,
      "net_income": 162600000,
      "opex": 763100000,
      "cogs": null,
      "rd": null,
      "sga": null,
      "fcf": 157800000,
      "ocf": 157800000,
      "capex": null,
      "gross_margin": null,
      "op_margin": null,
      "fcf_margin": 0.16920437486596612,
      "rev_growth_yoy": 0.3628644997617983,
      "rev_growth_yoy_accel": 0.014379826913817895,
      "op_leverage_ratio": 1.8558366225381946,
      "fcf_margin_change": -0.20694692072533927
    },
    {
      "date": "2022-12-31T00:00:00",
      "quarter_label": "2022-12 (Q4)",
      "revenue": 674300000,
      "gross_profit": null,
      "operating_income": null,
      "net_income": 24100000,
      "opex": 667500000,
      "cogs": null,
      "rd": null,
      "sga": null,
      "fcf": 45100000,
      "ocf": 45100000,
      "capex": null,
      "gross_margin": null,
      "op_margin": null,
      "fcf_margin": 0.06688417618270799,
      "rev_growth_yoy": 0.2431028348201529,
      "rev_growth_yoy_accel": -0.11976166494164539,
      "fcf_margin_change": -0.10232019868325813
    },
    {
      "date": "2023-03-31T00:00:00",
      "quarter_label": "2023-03 (Q1)",
      "revenue": 651200000,
      "gross_profit": null,
      "operating_income": null,
      "net_income": -30100000,
      "opex": 653200000,
      "cogs": null,
      "rd": null,
      "sga": null,
      "fcf": 194500000,
      "ocf": 194500000,
      "capex": null,
      "gross_margin": null,
      "op_margin": null,
      "fcf_margin": 0.29867936117936117,
      "rev_growth_yoy": 0.18723792160437558,
      "rev_growth_yoy_accel": -0.05586491321577733,
      "fcf_margin_change": 0.2317951849966532
    },
    {
      "date": "2023-06-30T00:00:00",
      "quarter_label": "2023-06 (Q2)",
      "revenue": 863500000,
      "gross_profit": null,
      "operating_income": null,
      "net_income": 89800000,
      "opex": 774600000,
      "cogs": null,
      "rd": null,
      "sga": null,
      "fcf": 255400000,
      "ocf": 255400000,
      "capex": null,
      "gross_margin": null,
      "op_margin": null,
      "fcf_margin": 0.2957730167921251,
      "rev_growth_yoy": 0.06041999263170821,
      "rev_growth_yoy_accel": -0.12681792897266736,
      "op_leverage_ratio": 1.7541353132374546,
      "fcf_margin_change": -0.0029063443872360817
    },
    {
      "date": "2023-09-30T00:00:00",
      "quarter_label": "2023-09 (Q3)",
      "revenue": 983200000,
      "gross_profit": null,
      "operating_income": null,
      "net_income": 163100000,
      "opex": 795800000,
      "cogs": null,
      "rd": null,
      "sga": null,
      "fcf": 223000000,
      "ocf": 223000000,
      "capex": null,
      "gross_margin": null,
      "op_margin": null,
      "fcf_margin": 0.22681041497152157,
      "rev_growth_yoy": 0.054256916148402314,
      "rev_growth_yoy_accel": -0.006163076483305899,
      "op_leverage_ratio": 5.064929914455212,
      "fcf_margin_change": -0.06896260182060351
    },
    {
      "date": "2023-12-31T00:00:00",
      "quarter_label": "2023-12 (Q4)",
      "revenue": 726700000,
      "gross_profit": null,
      "operating_income": null,
      "net_income": -429700000,
      "opex": 740900000,
      "cogs": null,
      "rd": null,
      "sga": null,
      "fcf": 117600000,
      "ocf": 117600000,
      "capex": null,
      "gross_margin": null,
      "op_margin": null,
      "fcf_margin": 0.16182743910829778,
      "rev_growth_yoy": 0.07771021800385584,
      "rev_growth_yoy_accel": 0.02345330185545353,
      "fcf_margin_change": -0.0649829758632238
    },
    {
      "date": "2024-03-31T00:00:00",
      "quarter_label": "2024-03 (Q1)",
      "revenue": 671300000,
      "gross_profit": null,
      "operating_income": null,
      "net_income": -25200000,
      "opex": 720800000,
      "cogs": null,
      "rd": null,
      "sga": null,
      "fcf": 242500000,
      "ocf": 242500000,
      "capex": null,
      "gross_margin": null,
      "op_margin": null,
      "fcf_margin": 0.3612393862654551,
      "rev_growth_yoy": 0.030866093366093365,
      "rev_growth_yoy_accel": -0.04684412463776248,
      "fcf_margin_change": 0.19941194715715732
    },
    {
      "date": "2024-06-30T00:00:00",
      "quarter_label": "2024-06 (Q2)",
      "revenue": 864000000,
      "gross_profit": null,
      "operating_income": null,
      "net_income": 56700000,
      "opex": 804800000,
      "cogs": null,
      "rd": null,
      "sga": null,
      "fcf": 311300000,
      "ocf": 311300000,
      "capex": null,
      "gross_margin": null,
      "op_margin": null,
      "fcf_margin": 0.36030092592592594,
      "rev_growth_yoy": 0.0005790387955993051,
      "rev_growth_yoy_accel": -0.03028705457049406,
      "op_leverage_ratio": 2.46320501088861,
      "fcf_margin_change": -0.0009384603395291569
    },
    {
      "date": "2024-09-30T00:00:00",
      "quarter_label": "2024-09 (Q3)",
      "revenue": 939900000,
      "gross_profit": null,
      "operating_income": null,
      "net_income": 300500000,
      "opex": 819500000,
      "cogs": null,
      "rd": null,
      "sga": null,
      "fcf": 189200000,
      "ocf": 189200000,
      "capex": null,
      "gross_margin": null,
      "op_margin": null,
      "fcf_margin": 0.20129801042664114,
      "rev_growth_yoy": -0.04403986981285598,
      "rev_growth_yoy_accel": -0.044618908608455285,
      "op_leverage_ratio": 4.809486016628873,
      "fcf_margin_change": -0.1590029154992848
    },
    {
      "date": "2024-12-31T00:00:00",
      "quarter_label": "2024-12 (Q4)",
      "revenue": 745900000,
      "gross_profit": null,
      "operating_income": null,
      "net_income": null,
      "opex": 964200000,
      "cogs": null,
      "rd": null,
      "sga": null,
      "fcf": 118000000,
      "ocf": 118000000,
      "capex": null,
      "gross_margin": null,
      "op_margin": null,
      "fcf_margin": 0.1581981498860437,
      "rev_growth_yoy": 0.02642080638502821,
      "rev_growth_yoy_accel": 0.07046067619788418,
      "fcf_margin_change": -0.043099860540597446
    },
    {
      "date": "2025-03-31T00:00:00",
      "quarter_label": "2025-03 (Q1)",
      "revenue": 470200000,
      "gross_profit": null,
      "operating_income": null,
      "net_income": -41200000,
      "opex": 512700000,
      "cogs": null,
      "rd": null,
      "sga": null,
      "fcf": 243900000,
      "ocf": 243900000,
      "capex": null,
      "gross_margin": null,
      "op_margin": null,
      "fcf_margin": 0.5187154402381965,
      "rev_growth_yoy": -0.2995680023834351,
      "rev_growth_yoy_accel": -0.3259888087684633,
      "fcf_margin_change": 0.3605172903521528
    },
    {
      "date": "2025-06-30T00:00:00",
      "quarter_label": "2025-06 (Q2)",
      "revenue": 623500000,
      "gross_profit": null,
      "operating_income": null,
      "net_income": 1314100000,
      "opex": 812600000,
      "cogs": null,
      "rd": null,
      "sga": null,
      "fcf": 256000000,
      "ocf": 256000000,
      "capex": null,
      "gross_margin": null,
      "op_margin": null,
      "fcf_margin": 0.41058540497193263,
      "rev_growth_yoy": -0.27835648148148145,
      "rev_growth_yoy_accel": 0.021211520901953662,
      "op_leverage_ratio": 0.5573735836232948,
      "fcf_margin_change": -0.10813003526626386
    },
    {
      "date": "2025-09-30T00:00:00",
      "quarter_label": "2025-09 (Q3)",
      "revenue": 697200000,
      "gross_profit": null,
      "operating_income": null,
      "net_income": 12100000,
      "opex": 699100000,
      "cogs": null,
      "rd": null,
      "sga": null,
      "fcf": 197800000,
      "ocf": 197800000,
      "capex": null,
      "gross_margin": null,
      "op_margin": null,
      "fcf_margin": 0.2837062535857717,
      "rev_growth_yoy": -0.25821895946377277,
      "rev_growth_yoy_accel": 0.020137522017708687,
      "op_leverage_ratio": Infinity,
      "fcf_margin_change": -0.12687915138616096
    }
  ],
  "signals": [
    {
      "quarter": "2025-03 (Q1)",
      "signal": "FCF MARGIN EXPANSION",
      "detail": "FCF margin: +15.8% -> +51.9% (+36.1%)",
      "severity": "MEDIUM"
    },
    {
      "quarter": "2025-03 (Q1)",
      "signal": "YoY REVENUE GROWTH DECELERATION",
      "detail": "YoY growth: -30.0% vs prior quarter YoY: +2.6% (decel: -32.6%)",
      "severity": "WARNING"
    },
    {
      "quarter": "2024-12 (Q4)",
      "signal": "YoY REVENUE GROWTH ACCELERATION",
      "detail": "YoY growth: +2.6% vs prior quarter YoY: -4.4% (accel: +7.0%)",
      "severity": "MEDIUM"
    },
    {
      "quarter": "2024-09 (Q3)",
      "signal": "OPERATING LEVERAGE",
      "detail": "Rev growth +8.8% vs OpEx growth +1.8% (leverage: 4.8x)",
      "severity": "MEDIUM"
    },
    {
      "quarter": "2024-06 (Q2)",
      "signal": "OPERATING LEVERAGE",
      "detail": "Rev growth +28.7% vs OpEx growth +11.7% (leverage: 2.5x)",
      "severity": "MEDIUM"
    },
    {
      "quarter": "2024-03 (Q1)",
      "signal": "FCF MARGIN EXPANSION",
      "detail": "FCF margin: +16.2% -> +36.1% (+19.9%)",
      "severity": "MEDIUM"
    },
    {
      "quarter": "2023-09 (Q3)",
      "signal": "OPERATING LEVERAGE",
      "detail": "Rev growth +13.9% vs OpEx growth +2.7% (leverage: 5.1x)",
      "severity": "MEDIUM"
    },
    {
      "quarter": "2023-06 (Q2)",
      "signal": "OPERATING LEVERAGE",
      "detail": "Rev growth +32.6% vs OpEx growth +18.6% (leverage: 1.8x)",
      "severity": "MEDIUM"
    },
    {
      "quarter": "2023-06 (Q2)",
      "signal": "YoY REVENUE GROWTH DECELERATION",
      "detail": "YoY growth: +6.0% vs prior quarter YoY: +18.7% (decel: -12.7%)",
      "severity": "WARNING"
    },
    {
      "quarter": "2023-03 (Q1)",
      "signal": "FCF MARGIN EXPANSION",
      "detail": "FCF margin: +6.7% -> +29.9% (+23.2%)",
      "severity": "MEDIUM"
    },
    {
      "quarter": "2023-03 (Q1)",
      "signal": "YoY REVENUE GROWTH DECELERATION",
      "detail": "YoY growth: +18.7% vs prior quarter YoY: +24.3% (decel: -5.6%)",
      "severity": "WARNING"
    },
    {
      "quarter": "2022-12 (Q4)",
      "signal": "YoY REVENUE GROWTH DECELERATION",
      "detail": "YoY growth: +24.3% vs prior quarter YoY: +36.3% (decel: -12.0%)",
      "severity": "WARNING"
    },
    {
      "quarter": "2022-09 (Q3)",
      "signal": "OPERATING LEVERAGE",
      "detail": "Rev growth +14.5% vs OpEx growth +7.8% (leverage: 1.9x)",
      "severity": "MEDIUM"
    },
    {
      "quarter": "2022-06 (Q2)",
      "signal": "YoY REVENUE GROWTH ACCELERATION",
      "detail": "YoY growth: +34.8% vs prior quarter YoY: +24.1% (accel: +10.8%)",
      "severity": "MEDIUM"
    },
    {
      "quarter": "2022-03 (Q1)",
      "signal": "FCF MARGIN EXPANSION",
      "detail": "FCF margin: +18.0% -> +41.1% (+23.2%)",
      "severity": "MEDIUM"
    },
    {
      "quarter": "2022-03 (Q1)",
      "signal": "OPERATING LEVERAGE",
      "detail": "Rev growth +1.1% vs OpEx growth +0.3% (leverage: 3.8x)",
      "severity": "MEDIUM"
    },
    {
      "quarter": "2022-03 (Q1)",
      "signal": "YoY REVENUE GROWTH DECELERATION",
      "detail": "YoY growth: +24.1% vs prior quarter YoY: +41.2% (decel: -17.1%)",
      "severity": "WARNING"
    },
    {
      "quarter": "2021-09 (Q3)",
      "signal": "OPERATING LEVERAGE",
      "detail": "Rev growth +13.3% vs OpEx growth +5.5% (leverage: 2.4x)",
      "severity": "MEDIUM"
    },
    {
      "quarter": "2021-06 (Q2)",
      "signal": "OPERATING LEVERAGE",
      "detail": "Rev growth +36.6% vs OpEx growth +21.6% (leverage: 1.7x)",
      "severity": "MEDIUM"
    },
    {
      "quarter": "2021-03 (Q1)",
      "signal": "FCF MARGIN EXPANSION",
      "detail": "FCF margin: +20.5% -> +49.9% (+29.4%)",
      "severity": "MEDIUM"
    },
    {
      "quarter": "2021-03 (Q1)",
      "signal": "OPERATING LEVERAGE",
      "detail": "Rev growth +15.0% vs OpEx growth +6.5% (leverage: 2.3x)",
      "severity": "MEDIUM"
    }
  ],
  "data_quality": {
    "n_quarters": 20,
    "coverage": {
      "revenue": [
        20,
        20
      ],
      "gross_profit": [
        0,
        20
      ],
      "op_income": [
        0,
        20
      ],
      "fcf": [
        20,
        20
      ]
    },
    "gaps": [],
    "warnings": [
      "gross_profit: no data",
      "op_income: no data"
    ]
  },
  "market_cap": null,
  "source": "SEC EDGAR",
  "last_updated": "2026-02-02T20:23:52.225141"
}