{
  "ticker": "SVC",
  "name": "SERVICE PROPERTIES TRUST",
  "quarters": [
    {
      "date": "2020-12-31T00:00:00",
      "quarter_label": "2020-12 (Q4)",
      "revenue": 270043000,
      "gross_profit": 65045000,
      "operating_income": null,
      "net_income": -137741000,
      "opex": 343829000,
      "cogs": 204998000,
      "rd": null,
      "sga": null,
      "fcf": -27920000,
      "ocf": -27920000,
      "capex": null,
      "gross_margin": 0.2408690467814385,
      "op_margin": null,
      "fcf_margin": -0.10339094144265913
    },
    {
      "date": "2021-03-31T00:00:00",
      "quarter_label": "2021-03 (Q1)",
      "revenue": 261170000,
      "gross_profit": 46183000,
      "operating_income": null,
      "net_income": -194990000,
      "opex": 356640000,
      "cogs": 214987000,
      "rd": null,
      "sga": null,
      "fcf": -62724000,
      "ocf": -62724000,
      "capex": null,
      "gross_margin": 0.1768311827545277,
      "op_margin": null,
      "fcf_margin": -0.2401654095033886,
      "fcf_margin_change": -0.13677446806072946
    },
    {
      "date": "2021-06-30T00:00:00",
      "quarter_label": "2021-06 (Q2)",
      "revenue": 375936000,
      "gross_profit": 132753000,
      "operating_income": null,
      "net_income": -91110000,
      "opex": 389766000,
      "cogs": 243183000,
      "rd": null,
      "sga": null,
      "fcf": 41518000,
      "ocf": 41518000,
      "capex": null,
      "gross_margin": 0.3531265960163432,
      "op_margin": null,
      "fcf_margin": 0.11043901089547158,
      "op_leverage_ratio": 4.730978885320212,
      "fcf_margin_change": 0.3506044203988602
    },
    {
      "date": "2021-09-30T00:00:00",
      "quarter_label": "2021-09 (Q3)",
      "revenue": 437099000,
      "gross_profit": 151866000,
      "operating_income": null,
      "net_income": -59714000,
      "opex": 431213000,
      "cogs": 285233000,
      "rd": null,
      "sga": null,
      "fcf": 22208000,
      "ocf": 22208000,
      "capex": null,
      "gross_margin": 0.3474407399696636,
      "op_margin": null,
      "fcf_margin": 0.05080771175408775,
      "op_leverage_ratio": 1.5299798598733463,
      "fcf_margin_change": -0.05963129914138383
    },
    {
      "date": "2021-12-31T00:00:00",
      "quarter_label": "2021-12 (Q4)",
      "revenue": 421375000,
      "gross_profit": 134407000,
      "operating_income": null,
      "net_income": -198789000,
      "opex": 531564000,
      "cogs": 286968000,
      "rd": null,
      "sga": null,
      "fcf": 48902000,
      "ocf": 48902000,
      "capex": null,
      "gross_margin": 0.318972411747256,
      "op_margin": null,
      "fcf_margin": 0.11605339661821418,
      "rev_growth_yoy": 0.5603996400573242,
      "fcf_margin_change": 0.06524568486412644
    },
    {
      "date": "2022-03-31T00:00:00",
      "quarter_label": "2022-03 (Q1)",
      "revenue": 393764000,
      "gross_profit": 103421000,
      "operating_income": null,
      "net_income": -119822000,
      "opex": 415391000,
      "cogs": 290343000,
      "rd": null,
      "sga": null,
      "fcf": -11983000,
      "ocf": -11983000,
      "capex": null,
      "gross_margin": 0.2626471693704859,
      "op_margin": null,
      "fcf_margin": -0.030431933848701253,
      "rev_growth_yoy": 0.5076923076923077,
      "rev_growth_yoy_accel": -0.05270733236501657,
      "fcf_margin_change": -0.14648533046691542
    },
    {
      "date": "2022-06-30T00:00:00",
      "quarter_label": "2022-06 (Q2)",
      "revenue": 515777000,
      "gross_profit": 190583000,
      "operating_income": null,
      "net_income": 11350000,
      "opex": 445349000,
      "cogs": 325194000,
      "rd": null,
      "sga": null,
      "fcf": 71280000,
      "ocf": 71280000,
      "capex": null,
      "gross_margin": 0.3695065890879198,
      "op_margin": null,
      "fcf_margin": 0.13819926053313739,
      "rev_growth_yoy": 0.37198086908409944,
      "rev_growth_yoy_accel": -0.13571143860820822,
      "op_leverage_ratio": 4.296495523889579,
      "fcf_margin_change": 0.16863119438183863
    },
    {
      "date": "2022-09-30T00:00:00",
      "quarter_label": "2022-09 (Q3)",
      "revenue": 498251000,
      "gross_profit": 179985000,
      "operating_income": null,
      "net_income": 7500000,
      "opex": 435756000,
      "cogs": 318266000,
      "rd": null,
      "sga": null,
      "fcf": 87817000,
      "ocf": 87817000,
      "capex": null,
      "gross_margin": 0.3612335951157148,
      "op_margin": null,
      "fcf_margin": 0.17625052433412075,
      "rev_growth_yoy": 0.1399042322219909,
      "rev_growth_yoy_accel": -0.23207663686210855,
      "fcf_margin_change": 0.038051263800983365
    },
    {
      "date": "2022-12-31T00:00:00",
      "quarter_label": "2022-12 (Q4)",
      "revenue": 455219000,
      "gross_profit": 161665000,
      "operating_income": null,
      "net_income": -31409000,
      "opex": 402459000,
      "cogs": 293554000,
      "rd": null,
      "sga": null,
      "fcf": 96013000,
      "ocf": 96013000,
      "capex": null,
      "gross_margin": 0.3551367583514748,
      "op_margin": null,
      "fcf_margin": 0.210916064575512,
      "rev_growth_yoy": 0.08031800652625334,
      "rev_growth_yoy_accel": -0.059586225695737544,
      "fcf_margin_change": 0.03466554024139126
    },
    {
      "date": "2023-03-31T00:00:00",
      "quarter_label": "2023-03 (Q1)",
      "revenue": 429209000,
      "gross_profit": 129643000,
      "operating_income": null,
      "net_income": 25950000,
      "opex": 415308000,
      "cogs": 299566000,
      "rd": null,
      "sga": null,
      "fcf": 12373000,
      "ocf": 12373000,
      "capex": null,
      "gross_margin": 0.3020509821555466,
      "op_margin": null,
      "fcf_margin": 0.028827447700304515,
      "rev_growth_yoy": 0.09001584705559676,
      "rev_growth_yoy_accel": 0.009697840529343416,
      "fcf_margin_change": -0.1820886168752075
    },
    {
      "date": "2023-06-30T00:00:00",
      "quarter_label": "2023-06 (Q2)",
      "revenue": 503779000,
      "gross_profit": 194679000,
      "operating_income": null,
      "net_income": -11278000,
      "opex": 430399000,
      "cogs": 309100000,
      "rd": null,
      "sga": null,
      "fcf": 316130000,
      "ocf": 316130000,
      "capex": null,
      "gross_margin": 0.3864373068349415,
      "op_margin": null,
      "fcf_margin": 0.6275172248148494,
      "rev_growth_yoy": -0.02326199113182635,
      "rev_growth_yoy_accel": -0.11327783818742311,
      "op_leverage_ratio": 4.781317689492187,
      "fcf_margin_change": 0.5986897771145449
    },
    {
      "date": "2023-09-30T00:00:00",
      "quarter_label": "2023-09 (Q3)",
      "revenue": 496825000,
      "gross_profit": 179073000,
      "operating_income": null,
      "net_income": -4128000,
      "opex": 428528000,
      "cogs": 317752000,
      "rd": null,
      "sga": null,
      "fcf": 73455000,
      "ocf": 73455000,
      "capex": null,
      "gross_margin": 0.36043476073063957,
      "op_margin": null,
      "fcf_margin": 0.14784884013485633,
      "rev_growth_yoy": -0.0028620113155819055,
      "rev_growth_yoy_accel": 0.020399979816244446,
      "fcf_margin_change": -0.47966838467999307
    },
    {
      "date": "2023-12-31T00:00:00",
      "quarter_label": "2023-12 (Q4)",
      "revenue": 444050000,
      "gross_profit": 146562000,
      "operating_income": null,
      "net_income": -43323000,
      "opex": 404712000,
      "cogs": 297488000,
      "rd": null,
      "sga": null,
      "fcf": 83591000,
      "ocf": 83591000,
      "capex": null,
      "gross_margin": 0.33005742596554444,
      "op_margin": null,
      "fcf_margin": 0.18824681905190857,
      "rev_growth_yoy": -0.024535443379999515,
      "rev_growth_yoy_accel": -0.02167343206441761,
      "fcf_margin_change": 0.04039797891705224
    },
    {
      "date": "2024-03-31T00:00:00",
      "quarter_label": "2024-03 (Q1)",
      "revenue": 436250000,
      "gross_profit": 131164000,
      "operating_income": null,
      "net_income": -78383000,
      "opex": 415873000,
      "cogs": 305086000,
      "rd": null,
      "sga": null,
      "fcf": -926000,
      "ocf": -926000,
      "capex": null,
      "gross_margin": 0.3006624641833811,
      "op_margin": null,
      "fcf_margin": -0.0021226361031518623,
      "rev_growth_yoy": 0.016404595430198343,
      "rev_growth_yoy_accel": 0.04094003881019786,
      "fcf_margin_change": -0.19036945515506043
    },
    {
      "date": "2024-06-30T00:00:00",
      "quarter_label": "2024-06 (Q2)",
      "revenue": 512948000,
      "gross_profit": 184701000,
      "operating_income": null,
      "net_income": -73850000,
      "opex": 474447000,
      "cogs": 328247000,
      "rd": null,
      "sga": null,
      "fcf": 43819000,
      "ocf": 43819000,
      "capex": null,
      "gross_margin": 0.3600774347497212,
      "op_margin": null,
      "fcf_margin": 0.08542581314285269,
      "rev_growth_yoy": 0.01820044106642,
      "rev_growth_yoy_accel": 0.001795845636221656,
      "op_leverage_ratio": 1.2482582404370228,
      "fcf_margin_change": 0.08754844924600455
    },
    {
      "date": "2024-09-30T00:00:00",
      "quarter_label": "2024-09 (Q3)",
      "revenue": 491171000,
      "gross_profit": 162636000,
      "operating_income": null,
      "net_income": -46901000,
      "opex": 446495000,
      "cogs": 328535000,
      "rd": null,
      "sga": null,
      "fcf": 106150000,
      "ocf": 106150000,
      "capex": null,
      "gross_margin": 0.3311188974919122,
      "op_margin": null,
      "fcf_margin": 0.21611617949756806,
      "rev_growth_yoy": -0.011380264680722589,
      "rev_growth_yoy_accel": -0.02958070574714259,
      "fcf_margin_change": 0.13069036635471537
    },
    {
      "date": "2024-12-31T00:00:00",
      "quarter_label": "2024-12 (Q4)",
      "revenue": 456559000,
      "gross_profit": 144274000,
      "operating_income": null,
      "net_income": -76392000,
      "opex": 432286000,
      "cogs": 312285000,
      "rd": null,
      "sga": null,
      "fcf": -9652000,
      "ocf": -9652000,
      "capex": null,
      "gross_margin": 0.3160029700433022,
      "op_margin": null,
      "fcf_margin": -0.0211407507025379,
      "rev_growth_yoy": 0.02817025109784934,
      "rev_growth_yoy_accel": 0.03955051577857193,
      "fcf_margin_change": -0.23725693020010596
    },
    {
      "date": "2025-03-31T00:00:00",
      "quarter_label": "2025-03 (Q1)",
      "revenue": 435179000,
      "gross_profit": 129339000,
      "operating_income": null,
      "net_income": -116435000,
      "opex": 447302000,
      "cogs": 305840000,
      "rd": null,
      "sga": null,
      "fcf": 38200000,
      "ocf": 38200000,
      "capex": null,
      "gross_margin": 0.297208734796486,
      "op_margin": null,
      "fcf_margin": 0.0877799710004389,
      "rev_growth_yoy": -0.0024550143266475646,
      "rev_growth_yoy_accel": -0.030625265424496905,
      "fcf_margin_change": 0.1089207217029768
    },
    {
      "date": "2025-06-30T00:00:00",
      "quarter_label": "2025-06 (Q2)",
      "revenue": 503436000,
      "gross_profit": 174523000,
      "operating_income": null,
      "net_income": -38159000,
      "opex": 438599000,
      "cogs": 328913000,
      "rd": null,
      "sga": null,
      "fcf": -7000,
      "ocf": -7000,
      "capex": null,
      "gross_margin": 0.3466637268689565,
      "op_margin": null,
      "fcf_margin": -1.3904448629021366e-05,
      "rev_growth_yoy": -0.018543790013802568,
      "rev_growth_yoy_accel": -0.016088775687155003,
      "op_leverage_ratio": Infinity,
      "fcf_margin_change": -0.08779387544906792
    },
    {
      "date": "2025-09-30T00:00:00",
      "quarter_label": "2025-09 (Q3)",
      "revenue": 478770000,
      "gross_profit": 150412000,
      "operating_income": null,
      "net_income": -46945000,
      "opex": 448854000,
      "cogs": 328358000,
      "rd": null,
      "sga": null,
      "fcf": 98112000,
      "ocf": 98112000,
      "capex": null,
      "gross_margin": 0.31416337698686214,
      "op_margin": null,
      "fcf_margin": 0.20492512062159282,
      "rev_growth_yoy": -0.025247826113512402,
      "rev_growth_yoy_accel": -0.006704036099709834,
      "fcf_margin_change": 0.20493902507022185
    }
  ],
  "signals": [
    {
      "quarter": "2025-09 (Q3)",
      "signal": "FCF TURNED POSITIVE",
      "detail": "FCF margin: -0.0% -> +20.5%",
      "severity": "HIGH"
    },
    {
      "quarter": "2025-06 (Q2)",
      "signal": "GROSS MARGIN INFLECTION",
      "detail": "GM: +31.6% -> +29.7% -> +34.7% (reversal +4.9%)",
      "severity": "MEDIUM"
    },
    {
      "quarter": "2025-03 (Q1)",
      "signal": "FCF TURNED POSITIVE",
      "detail": "FCF margin: -2.1% -> +8.8%",
      "severity": "HIGH"
    },
    {
      "quarter": "2024-09 (Q3)",
      "signal": "FCF MARGIN EXPANSION",
      "detail": "FCF margin: +8.5% -> +21.6% (+13.1%)",
      "severity": "MEDIUM"
    },
    {
      "quarter": "2024-06 (Q2)",
      "signal": "FCF TURNED POSITIVE",
      "detail": "FCF margin: -0.2% -> +8.5%",
      "severity": "HIGH"
    },
    {
      "quarter": "2024-06 (Q2)",
      "signal": "GROSS MARGIN INFLECTION",
      "detail": "GM: +33.0% -> +30.1% -> +36.0% (reversal +5.9%)",
      "severity": "HIGH"
    },
    {
      "quarter": "2023-06 (Q2)",
      "signal": "FCF MARGIN EXPANSION",
      "detail": "FCF margin: +2.9% -> +62.8% (+59.9%)",
      "severity": "MEDIUM"
    },
    {
      "quarter": "2023-06 (Q2)",
      "signal": "OPERATING LEVERAGE",
      "detail": "Rev growth +17.4% vs OpEx growth +3.6% (leverage: 4.8x)",
      "severity": "MEDIUM"
    },
    {
      "quarter": "2023-06 (Q2)",
      "signal": "GROSS MARGIN INFLECTION",
      "detail": "GM: +35.5% -> +30.2% -> +38.6% (reversal +8.4%)",
      "severity": "HIGH"
    },
    {
      "quarter": "2023-06 (Q2)",
      "signal": "YoY REVENUE GROWTH DECELERATION",
      "detail": "YoY growth: -2.3% vs prior quarter YoY: +9.0% (decel: -11.3%)",
      "severity": "WARNING"
    },
    {
      "quarter": "2022-12 (Q4)",
      "signal": "YoY REVENUE GROWTH DECELERATION",
      "detail": "YoY growth: +8.0% vs prior quarter YoY: +14.0% (decel: -6.0%)",
      "severity": "WARNING"
    },
    {
      "quarter": "2022-09 (Q3)",
      "signal": "YoY REVENUE GROWTH DECELERATION",
      "detail": "YoY growth: +14.0% vs prior quarter YoY: +37.2% (decel: -23.2%)",
      "severity": "WARNING"
    },
    {
      "quarter": "2022-06 (Q2)",
      "signal": "FCF TURNED POSITIVE",
      "detail": "FCF margin: -3.0% -> +13.8%",
      "severity": "HIGH"
    },
    {
      "quarter": "2022-06 (Q2)",
      "signal": "OPERATING LEVERAGE",
      "detail": "Rev growth +31.0% vs OpEx growth +7.2% (leverage: 4.3x)",
      "severity": "MEDIUM"
    },
    {
      "quarter": "2022-06 (Q2)",
      "signal": "GROSS MARGIN INFLECTION",
      "detail": "GM: +31.9% -> +26.3% -> +37.0% (reversal +10.7%)",
      "severity": "HIGH"
    },
    {
      "quarter": "2022-06 (Q2)",
      "signal": "YoY REVENUE GROWTH DECELERATION",
      "detail": "YoY growth: +37.2% vs prior quarter YoY: +50.8% (decel: -13.6%)",
      "severity": "WARNING"
    },
    {
      "quarter": "2022-03 (Q1)",
      "signal": "YoY REVENUE GROWTH DECELERATION",
      "detail": "YoY growth: +50.8% vs prior quarter YoY: +56.0% (decel: -5.3%)",
      "severity": "WARNING"
    },
    {
      "quarter": "2021-12 (Q4)",
      "signal": "FCF MARGIN EXPANSION",
      "detail": "FCF margin: +5.1% -> +11.6% (+6.5%)",
      "severity": "MEDIUM"
    },
    {
      "quarter": "2021-09 (Q3)",
      "signal": "OPERATING LEVERAGE",
      "detail": "Rev growth +16.3% vs OpEx growth +10.6% (leverage: 1.5x)",
      "severity": "MEDIUM"
    },
    {
      "quarter": "2021-06 (Q2)",
      "signal": "FCF TURNED POSITIVE",
      "detail": "FCF margin: -24.0% -> +11.0%",
      "severity": "HIGH"
    },
    {
      "quarter": "2021-06 (Q2)",
      "signal": "OPERATING LEVERAGE",
      "detail": "Rev growth +43.9% vs OpEx growth +9.3% (leverage: 4.7x)",
      "severity": "MEDIUM"
    },
    {
      "quarter": "2021-06 (Q2)",
      "signal": "GROSS MARGIN INFLECTION",
      "detail": "GM: +24.1% -> +17.7% -> +35.3% (reversal +17.6%)",
      "severity": "HIGH"
    }
  ],
  "data_quality": {
    "n_quarters": 20,
    "coverage": {
      "revenue": [
        20,
        20
      ],
      "gross_profit": [
        20,
        20
      ],
      "op_income": [
        0,
        20
      ],
      "fcf": [
        20,
        20
      ]
    },
    "gaps": [],
    "warnings": [
      "op_income: no data"
    ]
  },
  "market_cap": null,
  "source": "SEC EDGAR",
  "last_updated": "2026-02-02T22:41:44.353763"
}