{
  "ticker": "SVV",
  "name": "Savers Value Village, Inc.",
  "quarters": [
    {
      "date": "2022-07-02T00:00:00",
      "quarter_label": "2022-07 (Q3)",
      "revenue": 364668000,
      "gross_profit": 108193000,
      "operating_income": 61430000,
      "net_income": 30858000,
      "opex": 303238000,
      "cogs": 146794000,
      "rd": null,
      "sga": 76298000,
      "fcf": null,
      "ocf": null,
      "capex": null,
      "gross_margin": 0.29668904318448563,
      "op_margin": 0.16845459431592572,
      "fcf_margin": null
    },
    {
      "date": "2022-10-01T00:00:00",
      "quarter_label": "2022-10 (Q4)",
      "revenue": 378292000,
      "gross_profit": 111986000,
      "operating_income": 65679000,
      "net_income": 15497000,
      "opex": 312613000,
      "cogs": 152623000,
      "rd": null,
      "sga": 78465000,
      "fcf": 44285000,
      "ocf": 67115000,
      "capex": -22830000,
      "gross_margin": 0.2960305795523035,
      "op_margin": 0.17361984921700696,
      "fcf_margin": 0.11706565298763918,
      "op_leverage_ratio": 1.2084239580842484
    },
    {
      "date": "2022-12-31T00:00:00",
      "quarter_label": "2022-12 (Q4)",
      "revenue": 366802000,
      "gross_profit": 97207000,
      "operating_income": 46160000,
      "net_income": 26434000,
      "opex": 320642000,
      "cogs": 156554000,
      "rd": null,
      "sga": 74501000,
      "fcf": 22251000,
      "ocf": 51800000,
      "capex": -29549000,
      "gross_margin": 0.26501218641119734,
      "op_margin": 0.12584446104437816,
      "fcf_margin": 0.060662155604386016,
      "fcf_margin_change": -0.05640349738325317
    },
    {
      "date": "2023-04-01T00:00:00",
      "quarter_label": "2023-04 (Q2)",
      "revenue": 345684000,
      "gross_profit": 86014000,
      "operating_income": 15770000,
      "net_income": -10195000,
      "opex": 329914000,
      "cogs": 145753000,
      "rd": null,
      "sga": 77045000,
      "fcf": -35633000,
      "ocf": -14834000,
      "capex": -20799000,
      "gross_margin": 0.24882262413070896,
      "op_margin": 0.045619698915772784,
      "fcf_margin": -0.10307969127874012,
      "fcf_margin_change": -0.16374184688312612
    },
    {
      "date": "2023-07-01T00:00:00",
      "quarter_label": "2023-07 (Q3)",
      "revenue": 379102000,
      "gross_profit": 113122000,
      "operating_income": 68863000,
      "net_income": 35050000,
      "opex": 310239000,
      "cogs": 154945000,
      "rd": null,
      "sga": 73259000,
      "fcf": 42256000,
      "ocf": 68624000,
      "capex": -26368000,
      "gross_margin": 0.2983946273034698,
      "op_margin": 0.18164768320926822,
      "fcf_margin": 0.11146340562698166,
      "incr_op_margin_yoy": 0.5149646667590412,
      "rev_growth_yoy": 0.039581208112584594,
      "op_leverage_ratio": Infinity,
      "fcf_margin_change": 0.21454309690572176
    },
    {
      "date": "2023-09-30T00:00:00",
      "quarter_label": "2023-09 (Q3)",
      "revenue": 392698000,
      "gross_profit": 118727000,
      "operating_income": 20345000,
      "net_income": -15612000,
      "opex": 372353000,
      "cogs": 158252000,
      "rd": null,
      "sga": 82076000,
      "fcf": 23200000,
      "ocf": 50612000,
      "capex": -27412000,
      "gross_margin": 0.30233665564887013,
      "op_margin": 0.051808259782326366,
      "fcf_margin": 0.05907847760874769,
      "incr_op_margin_yoy": -3.1468832430931557,
      "rev_growth_yoy": 0.03808169350660336,
      "rev_growth_yoy_accel": -0.0014995146059812309,
      "op_leverage_ratio": 0.1791273802860352,
      "fcf_margin_change": -0.052384928018233974
    },
    {
      "date": "2023-12-30T00:00:00",
      "quarter_label": "2023-12 (Q4)",
      "revenue": 382765000,
      "gross_profit": 109754000,
      "operating_income": 36879000,
      "net_income": 43872000,
      "opex": 345886000,
      "cogs": 160721000,
      "rd": null,
      "sga": 79008000,
      "fcf": 53599000,
      "ocf": 70763000,
      "capex": -17164000,
      "gross_margin": 0.28673990568625657,
      "op_margin": 0.0963489347249618,
      "fcf_margin": 0.14003108957193056,
      "incr_op_margin_yoy": -0.5814070036960471,
      "rev_growth_yoy": 0.043519391933522715,
      "rev_growth_yoy_accel": 0.005437698426919352,
      "fcf_margin_change": 0.08095261196318287
    },
    {
      "date": "2024-03-30T00:00:00",
      "quarter_label": "2024-03 (Q1)",
      "revenue": 354172000,
      "gross_profit": 85806000,
      "operating_income": 16267000,
      "net_income": -467000,
      "opex": 337905000,
      "cogs": 158164000,
      "rd": null,
      "sga": 77743000,
      "fcf": -28294000,
      "ocf": -5800000,
      "capex": -22494000,
      "gross_margin": 0.2422721163728358,
      "op_margin": 0.04592966129451227,
      "fcf_margin": -0.07988773816111945,
      "incr_op_margin_yoy": 0.05855325164938737,
      "rev_growth_yoy": 0.02455421714629546,
      "rev_growth_yoy_accel": -0.018965174787227253,
      "fcf_margin_change": -0.21991882773305
    },
    {
      "date": "2024-06-29T00:00:00",
      "quarter_label": "2024-06 (Q2)",
      "revenue": 386663000,
      "gross_profit": 102677000,
      "operating_income": 32216000,
      "net_income": 9712000,
      "opex": 354447000,
      "cogs": 162626000,
      "rd": null,
      "sga": 83486000,
      "fcf": 29576000,
      "ocf": 60366000,
      "capex": -30790000,
      "gross_margin": 0.2655464836304482,
      "op_margin": 0.08331803146409147,
      "fcf_margin": 0.07649038051222899,
      "incr_op_margin_yoy": -4.846845655336596,
      "rev_growth_yoy": 0.019944500424687817,
      "rev_growth_yoy_accel": -0.004609716721607645,
      "op_leverage_ratio": 1.8739390264103495,
      "fcf_margin_change": 0.15637811867334844
    },
    {
      "date": "2024-09-28T00:00:00",
      "quarter_label": "2024-09 (Q3)",
      "revenue": 394797000,
      "gross_profit": 101003000,
      "operating_income": 48638000,
      "net_income": 21681000,
      "opex": 346159000,
      "cogs": 170776000,
      "rd": null,
      "sga": 83897000,
      "fcf": -2985000,
      "ocf": 23877000,
      "capex": -26862000,
      "gross_margin": 0.2558352773703954,
      "op_margin": 0.12319749136898203,
      "fcf_margin": -0.007560847726806434,
      "incr_op_margin_yoy": 13.479275845640782,
      "rev_growth_yoy": 0.00534507433192937,
      "rev_growth_yoy_accel": -0.014599426092758445,
      "op_leverage_ratio": Infinity,
      "fcf_margin_change": -0.08405122823903542
    },
    {
      "date": "2024-12-28T00:00:00",
      "quarter_label": "2024-12 (Q4)",
      "revenue": 401985000,
      "gross_profit": 223807000,
      "operating_income": 33068000,
      "net_income": -1896000,
      "opex": 368917000,
      "cogs": 178178000,
      "rd": null,
      "sga": 92005000,
      "fcf": 30102000,
      "ocf": 55833000,
      "capex": -25731000,
      "gross_margin": 0.556754605271341,
      "op_margin": 0.08226177593691307,
      "fcf_margin": 0.07488339117131236,
      "incr_op_margin_yoy": -0.19828303850156087,
      "rev_growth_yoy": 0.05021357752145572,
      "rev_growth_yoy_accel": 0.04486850318952635,
      "op_leverage_ratio": 0.2769336686896809,
      "fcf_margin_change": 0.08244423889811879
    },
    {
      "date": "2025-03-29T00:00:00",
      "quarter_label": "2025-03 (Q1)",
      "revenue": 370145000,
      "gross_profit": 201642000,
      "operating_income": 10403000,
      "net_income": -4723000,
      "opex": 359742000,
      "cogs": 168503000,
      "rd": null,
      "sga": 87079000,
      "fcf": -20164000,
      "ocf": 419000,
      "capex": -20583000,
      "gross_margin": 0.5447648894352213,
      "op_margin": 0.02810520201542639,
      "fcf_margin": -0.05447594861473207,
      "incr_op_margin_yoy": -0.3671195141801791,
      "rev_growth_yoy": 0.04509955614786036,
      "rev_growth_yoy_accel": -0.005114021373595359,
      "fcf_margin_change": -0.1293593397860444
    },
    {
      "date": "2025-06-28T00:00:00",
      "quarter_label": "2025-06 (Q2)",
      "revenue": 417208000,
      "gross_profit": 230330000,
      "operating_income": 34021000,
      "net_income": 18917000,
      "opex": 383187000,
      "cogs": 186878000,
      "rd": null,
      "sga": 88412000,
      "fcf": 21884000,
      "ocf": 54446000,
      "capex": -32562000,
      "gross_margin": 0.552074744491956,
      "op_margin": 0.0815444574408928,
      "fcf_margin": 0.052453452474545074,
      "incr_op_margin_yoy": 0.05909314126698314,
      "rev_growth_yoy": 0.07899643875933306,
      "rev_growth_yoy_accel": 0.033896882611472695,
      "op_leverage_ratio": 1.9509611805309441,
      "fcf_margin_change": 0.10692940108927715
    },
    {
      "date": "2025-09-27T00:00:00",
      "quarter_label": "2025-09 (Q3)",
      "revenue": 426935000,
      "gross_profit": 238695000,
      "operating_income": 36341000,
      "net_income": -14003000,
      "opex": 390594000,
      "cogs": 188240000,
      "rd": null,
      "sga": 99514000,
      "fcf": -6306000,
      "ocf": 21636000,
      "capex": -27942000,
      "gross_margin": 0.5590897911860119,
      "op_margin": 0.08512068581868434,
      "fcf_margin": -0.014770398304191504,
      "incr_op_margin_yoy": -0.3826311531520319,
      "rev_growth_yoy": 0.0814038607182932,
      "rev_growth_yoy_accel": 0.0024074219589601403,
      "op_leverage_ratio": 1.206131640674016,
      "fcf_margin_change": -0.06722385077873658
    }
  ],
  "signals": [
    {
      "quarter": "2025-06 (Q2)",
      "signal": "FCF TURNED POSITIVE",
      "detail": "FCF margin: -5.4% -> +5.2%",
      "severity": "HIGH"
    },
    {
      "quarter": "2025-06 (Q2)",
      "signal": "OPERATING LEVERAGE",
      "detail": "Rev growth +12.7% vs OpEx growth +6.5% (leverage: 2.0x)",
      "severity": "MEDIUM"
    },
    {
      "quarter": "2024-12 (Q4)",
      "signal": "FCF TURNED POSITIVE",
      "detail": "FCF margin: -0.8% -> +7.5%",
      "severity": "HIGH"
    },
    {
      "quarter": "2024-12 (Q4)",
      "signal": "GROSS MARGIN INFLECTION",
      "detail": "GM: +26.6% -> +25.6% -> +55.7% (reversal +30.1%)",
      "severity": "HIGH"
    },
    {
      "quarter": "2024-09 (Q3)",
      "signal": "INCREMENTAL MARGIN (YoY)",
      "detail": "YoY Incr OPM: +1347.9% vs year-ago OPM: +5.2%",
      "severity": "HIGH"
    },
    {
      "quarter": "2024-06 (Q2)",
      "signal": "FCF TURNED POSITIVE",
      "detail": "FCF margin: -8.0% -> +7.6%",
      "severity": "HIGH"
    },
    {
      "quarter": "2024-06 (Q2)",
      "signal": "OPERATING LEVERAGE",
      "detail": "Rev growth +9.2% vs OpEx growth +4.9% (leverage: 1.9x)",
      "severity": "MEDIUM"
    },
    {
      "quarter": "2024-06 (Q2)",
      "signal": "GROSS MARGIN INFLECTION",
      "detail": "GM: +28.7% -> +24.2% -> +26.6% (reversal +2.3%)",
      "severity": "MEDIUM"
    },
    {
      "quarter": "2023-12 (Q4)",
      "signal": "FCF MARGIN EXPANSION",
      "detail": "FCF margin: +5.9% -> +14.0% (+8.1%)",
      "severity": "MEDIUM"
    },
    {
      "quarter": "2023-07 (Q3)",
      "signal": "FCF TURNED POSITIVE",
      "detail": "FCF margin: -10.3% -> +11.1%",
      "severity": "HIGH"
    },
    {
      "quarter": "2023-07 (Q3)",
      "signal": "GROSS MARGIN INFLECTION",
      "detail": "GM: +26.5% -> +24.9% -> +29.8% (reversal +5.0%)",
      "severity": "MEDIUM"
    },
    {
      "quarter": "2023-07 (Q3)",
      "signal": "INCREMENTAL MARGIN (YoY)",
      "detail": "YoY Incr OPM: +51.5% vs year-ago OPM: +16.8%",
      "severity": "HIGH"
    }
  ],
  "data_quality": {
    "n_quarters": 14,
    "coverage": {
      "revenue": [
        14,
        14
      ],
      "gross_profit": [
        14,
        14
      ],
      "op_income": [
        14,
        14
      ],
      "fcf": [
        13,
        14
      ]
    },
    "gaps": [],
    "warnings": []
  },
  "market_cap": null,
  "source": "SEC EDGAR",
  "last_updated": "2026-02-02T21:45:04.178063"
}