{
  "ticker": "SW",
  "name": "Smurfit Westrock plc",
  "quarters": [
    {
      "date": "2023-09-30T00:00:00",
      "quarter_label": "2023-09 (Q3)",
      "revenue": 2915000000,
      "gross_profit": 742000000,
      "operating_income": 354000000,
      "net_income": 229000000,
      "opex": 388000000,
      "cogs": 2173000000,
      "rd": null,
      "sga": 371000000,
      "fcf": 948000000,
      "ocf": 948000000,
      "capex": null,
      "gross_margin": 0.2545454545454545,
      "op_margin": 0.12144082332761579,
      "fcf_margin": 0.32521440823327613
    },
    {
      "date": "2023-12-31T00:00:00",
      "quarter_label": "2023-12 (Q4)",
      "revenue": 2862000000,
      "gross_profit": 701000000,
      "operating_income": 180000000,
      "net_income": 48000000,
      "opex": 521000000,
      "cogs": 2161000000,
      "rd": null,
      "sga": 460000000,
      "fcf": 611000000,
      "ocf": 611000000,
      "capex": null,
      "gross_margin": 0.24493361285814116,
      "op_margin": 0.06289308176100629,
      "fcf_margin": 0.21348707197763803,
      "fcf_margin_change": -0.1117273362556381
    },
    {
      "date": "2024-03-31T00:00:00",
      "quarter_label": "2024-03 (Q1)",
      "revenue": 2930000000,
      "gross_profit": 710000000,
      "operating_income": 307000000,
      "net_income": 191000000,
      "opex": 403000000,
      "cogs": 2220000000,
      "rd": null,
      "sga": 380000000,
      "fcf": 42000000,
      "ocf": 42000000,
      "capex": null,
      "gross_margin": 0.24232081911262798,
      "op_margin": 0.10477815699658703,
      "fcf_margin": 0.014334470989761093,
      "op_leverage_ratio": Infinity,
      "fcf_margin_change": -0.19915260098787693
    },
    {
      "date": "2024-06-30T00:00:00",
      "quarter_label": "2024-06 (Q2)",
      "revenue": 2969000000,
      "gross_profit": 693000000,
      "operating_income": 244000000,
      "net_income": -12300,
      "opex": 449000000,
      "cogs": 2276000000,
      "rd": null,
      "sga": 389000000,
      "fcf": 340000000,
      "ocf": 340000000,
      "capex": null,
      "gross_margin": 0.23341192320646684,
      "op_margin": 0.08218255304816437,
      "fcf_margin": 0.11451667228022903,
      "op_leverage_ratio": 0.11661225701142604,
      "fcf_margin_change": 0.10018220129046794
    },
    {
      "date": "2024-09-30T00:00:00",
      "quarter_label": "2024-09 (Q3)",
      "revenue": 7671000000,
      "gross_profit": 1350000000,
      "operating_income": 55000000,
      "net_income": -150000000,
      "opex": 1295000000,
      "cogs": 6321000000,
      "rd": null,
      "sga": 1028000000,
      "fcf": 320000000,
      "ocf": 320000000,
      "capex": null,
      "gross_margin": 0.17598748533437622,
      "op_margin": 0.007169860513622735,
      "fcf_margin": 0.041715552079259546,
      "incr_op_margin_yoy": -0.06286795626576955,
      "rev_growth_yoy": 1.6315608919382505,
      "op_leverage_ratio": 0.8405206837876338,
      "fcf_margin_change": -0.07280112020096949
    },
    {
      "date": "2024-12-31T00:00:00",
      "quarter_label": "2024-12 (Q4)",
      "revenue": 7539000000,
      "gross_profit": 1442000000,
      "operating_income": 401000000,
      "net_income": 146000000,
      "opex": 1041000000,
      "cogs": 6097000000,
      "rd": null,
      "sga": 996000000,
      "fcf": 781000000,
      "ocf": 781000000,
      "capex": null,
      "gross_margin": 0.19127205199628597,
      "op_margin": 0.053190078259716146,
      "fcf_margin": 0.10359464119909802,
      "incr_op_margin_yoy": 0.047252512294205684,
      "rev_growth_yoy": 1.6341719077568133,
      "rev_growth_yoy_accel": 0.002611015818562823,
      "fcf_margin_change": 0.06187908911983847
    },
    {
      "date": "2025-03-31T00:00:00",
      "quarter_label": "2025-03 (Q1)",
      "revenue": 7656000000,
      "gross_profit": 1577000000,
      "operating_income": 553000000,
      "net_income": 384000000,
      "opex": 1024000000,
      "cogs": 6079000000,
      "rd": null,
      "sga": 988000000,
      "fcf": 235000000,
      "ocf": 235000000,
      "capex": null,
      "gross_margin": 0.20598223615464994,
      "op_margin": 0.07223092998955068,
      "fcf_margin": 0.030694879832810867,
      "incr_op_margin_yoy": 0.052052475666525606,
      "rev_growth_yoy": 1.6129692832764506,
      "rev_growth_yoy_accel": -0.021202624480362697,
      "op_leverage_ratio": Infinity,
      "fcf_margin_change": -0.07289976136628715
    },
    {
      "date": "2025-06-30T00:00:00",
      "quarter_label": "2025-06 (Q2)",
      "revenue": 7940000000,
      "gross_profit": 1515000000,
      "operating_income": 251000000,
      "net_income": -28000000,
      "opex": 1264000000,
      "cogs": 6425000000,
      "rd": null,
      "sga": 963000000,
      "fcf": 829000000,
      "ocf": 829000000,
      "capex": null,
      "gross_margin": 0.19080604534005038,
      "op_margin": 0.031612090680100756,
      "fcf_margin": 0.10440806045340051,
      "incr_op_margin_yoy": 0.001408167370750352,
      "rev_growth_yoy": 1.6743011114853485,
      "rev_growth_yoy_accel": 0.06133182820889793,
      "op_leverage_ratio": 0.1582723789620341,
      "fcf_margin_change": 0.07371318062058964
    },
    {
      "date": "2025-09-30T00:00:00",
      "quarter_label": "2025-09 (Q3)",
      "revenue": 8003000000,
      "gross_profit": 1569000000,
      "operating_income": 526000000,
      "net_income": 246000000,
      "opex": 1043000000,
      "cogs": 6434000000,
      "rd": null,
      "sga": 963000000,
      "fcf": 1133000000,
      "ocf": 1133000000,
      "capex": null,
      "gross_margin": 0.19605148069473946,
      "op_margin": 0.06572535299262776,
      "fcf_margin": 0.14157191053354992,
      "incr_op_margin_yoy": 1.4186746987951808,
      "rev_growth_yoy": 0.043279885282231784,
      "rev_growth_yoy_accel": -1.6310212262031167,
      "fcf_margin_change": 0.03716385008014941
    }
  ],
  "signals": [
    {
      "quarter": "2025-09 (Q3)",
      "signal": "YoY REVENUE GROWTH DECELERATION",
      "detail": "YoY growth: +4.3% vs prior quarter YoY: +167.4% (decel: -163.1%)",
      "severity": "WARNING"
    },
    {
      "quarter": "2025-09 (Q3)",
      "signal": "INCREMENTAL MARGIN (YoY)",
      "detail": "YoY Incr OPM: +141.9% vs year-ago OPM: +0.7%",
      "severity": "HIGH"
    },
    {
      "quarter": "2025-06 (Q2)",
      "signal": "FCF MARGIN EXPANSION",
      "detail": "FCF margin: +3.1% -> +10.4% (+7.4%)",
      "severity": "MEDIUM"
    },
    {
      "quarter": "2025-06 (Q2)",
      "signal": "YoY REVENUE GROWTH ACCELERATION",
      "detail": "YoY growth: +167.4% vs prior quarter YoY: +161.3% (accel: +6.1%)",
      "severity": "MEDIUM"
    },
    {
      "quarter": "2024-12 (Q4)",
      "signal": "FCF MARGIN EXPANSION",
      "detail": "FCF margin: +4.2% -> +10.4% (+6.2%)",
      "severity": "MEDIUM"
    },
    {
      "quarter": "2024-06 (Q2)",
      "signal": "FCF MARGIN EXPANSION",
      "detail": "FCF margin: +1.4% -> +11.5% (+10.0%)",
      "severity": "MEDIUM"
    }
  ],
  "data_quality": {
    "n_quarters": 9,
    "coverage": {
      "revenue": [
        9,
        9
      ],
      "gross_profit": [
        9,
        9
      ],
      "op_income": [
        9,
        9
      ],
      "fcf": [
        9,
        9
      ]
    },
    "gaps": [],
    "warnings": []
  },
  "market_cap": null,
  "source": "SEC EDGAR",
  "last_updated": "2026-02-02T20:16:28.728021"
}