{
  "ticker": "SWDR",
  "name": "STARWOOD REAL ESTATE INCOME TRUST, INC.",
  "quarters": [
    {
      "date": "2020-12-31T00:00:00",
      "quarter_label": "2020-12 (Q4)",
      "revenue": 93001000,
      "gross_profit": 56984000,
      "operating_income": 63642000,
      "net_income": -32004000,
      "opex": 107227000,
      "cogs": 36017000,
      "rd": null,
      "sga": null,
      "fcf": 34074000,
      "ocf": 34074000,
      "capex": null,
      "gross_margin": 0.6127245943592005,
      "op_margin": 0.6843152224169633,
      "fcf_margin": 0.366383157170353
    },
    {
      "date": "2021-03-31T00:00:00",
      "quarter_label": "2021-03 (Q1)",
      "revenue": 105751000,
      "gross_profit": 62871000,
      "operating_income": 71643000,
      "net_income": -19889000,
      "opex": 116510000,
      "cogs": 42880000,
      "rd": null,
      "sga": null,
      "fcf": 50274000,
      "ocf": 50274000,
      "capex": null,
      "gross_margin": 0.594519200764059,
      "op_margin": 0.6774687709808891,
      "fcf_margin": 0.475399759813146,
      "op_leverage_ratio": 1.5835740319421459,
      "fcf_margin_change": 0.10901660264279295
    },
    {
      "date": "2021-06-30T00:00:00",
      "quarter_label": "2021-06 (Q2)",
      "revenue": 125574000,
      "gross_profit": 78298000,
      "operating_income": 88433000,
      "net_income": -43981000,
      "opex": 148842000,
      "cogs": 47276000,
      "rd": null,
      "sga": null,
      "fcf": 46357000,
      "ocf": 46357000,
      "capex": null,
      "gross_margin": 0.6235207925207448,
      "op_margin": 0.7042301750362336,
      "fcf_margin": 0.369160813544205,
      "op_leverage_ratio": 0.675484721378578,
      "fcf_margin_change": -0.10623894626894098
    },
    {
      "date": "2021-09-30T00:00:00",
      "quarter_label": "2021-09 (Q3)",
      "revenue": 162435000,
      "gross_profit": 97668000,
      "operating_income": 116489000,
      "net_income": -109252000,
      "opex": 251013000,
      "cogs": 64767000,
      "rd": null,
      "sga": null,
      "fcf": 77464000,
      "ocf": 77464000,
      "capex": null,
      "gross_margin": 0.6012743558962046,
      "op_margin": 0.7171422415119895,
      "fcf_margin": 0.47689229537969036,
      "op_leverage_ratio": 0.4276271173792641,
      "fcf_margin_change": 0.10773148183548537
    },
    {
      "date": "2021-12-31T00:00:00",
      "quarter_label": "2021-12 (Q4)",
      "revenue": 249145000,
      "gross_profit": 155417000,
      "operating_income": 162508000,
      "net_income": -129129000,
      "opex": 354607000,
      "cogs": 93728000,
      "rd": null,
      "sga": null,
      "fcf": 59032000,
      "ocf": 59032000,
      "capex": null,
      "gross_margin": 0.6238014007907042,
      "op_margin": 0.6522627385658953,
      "fcf_margin": 0.23693832908547233,
      "incr_op_margin_yoy": 0.6331719438467056,
      "rev_growth_yoy": 1.6789496887130246,
      "op_leverage_ratio": 1.293454586692101,
      "fcf_margin_change": -0.23995396629421803
    },
    {
      "date": "2022-03-31T00:00:00",
      "quarter_label": "2022-03 (Q1)",
      "revenue": 330645000,
      "gross_profit": 197647000,
      "operating_income": 201397000,
      "net_income": 24860000,
      "opex": 487455000,
      "cogs": 132998000,
      "rd": null,
      "sga": null,
      "fcf": 125131000,
      "ocf": 125131000,
      "capex": null,
      "gross_margin": 0.5977619501277806,
      "op_margin": 0.6091034190748386,
      "fcf_margin": 0.3784451602171513,
      "incr_op_margin_yoy": 0.5769562549467749,
      "rev_growth_yoy": 2.1266371003583893,
      "rev_growth_yoy_accel": 0.44768741164536463,
      "op_leverage_ratio": 0.873167809846082,
      "fcf_margin_change": 0.14150683113167897
    },
    {
      "date": "2022-06-30T00:00:00",
      "quarter_label": "2022-06 (Q2)",
      "revenue": 379208000,
      "gross_profit": 226788000,
      "operating_income": 260102000,
      "net_income": -101363000,
      "opex": 465584000,
      "cogs": 152420000,
      "rd": null,
      "sga": null,
      "fcf": 139050000,
      "ocf": 139050000,
      "capex": null,
      "gross_margin": 0.598057003016814,
      "op_margin": 0.6859085251366005,
      "fcf_margin": 0.36668530199784816,
      "incr_op_margin_yoy": 0.6768374902418446,
      "rev_growth_yoy": 2.0197970917546626,
      "rev_growth_yoy_accel": -0.10684000860372667,
      "op_leverage_ratio": Infinity,
      "fcf_margin_change": -0.011759858219303143
    },
    {
      "date": "2022-09-30T00:00:00",
      "quarter_label": "2022-09 (Q3)",
      "revenue": 430766000,
      "gross_profit": 252079000,
      "operating_income": 326423000,
      "net_income": 128675000,
      "opex": 491244000,
      "cogs": 178687000,
      "rd": null,
      "sga": null,
      "fcf": 211774000,
      "ocf": 211774000,
      "capex": null,
      "gross_margin": 0.5851877817655061,
      "op_margin": 0.7577733618716426,
      "fcf_margin": 0.49162190144997514,
      "incr_op_margin_yoy": 0.7823695361326123,
      "rev_growth_yoy": 1.6519284636931695,
      "rev_growth_yoy_accel": -0.3678686280614931,
      "op_leverage_ratio": 2.466947836293597,
      "fcf_margin_change": 0.12493659945212698
    },
    {
      "date": "2022-12-31T00:00:00",
      "quarter_label": "2022-12 (Q4)",
      "revenue": 438729000,
      "gross_profit": 252240000,
      "operating_income": 252808000,
      "net_income": -117880000,
      "opex": 369410000,
      "cogs": 186489000,
      "rd": null,
      "sga": null,
      "fcf": 118956000,
      "ocf": 118956000,
      "capex": null,
      "gross_margin": 0.5749335010906504,
      "op_margin": 0.5762281499513368,
      "fcf_margin": 0.27113776385878297,
      "incr_op_margin_yoy": 0.4763060173854334,
      "rev_growth_yoy": 0.7609384093600112,
      "rev_growth_yoy_accel": -0.8909900543331583,
      "op_leverage_ratio": Infinity,
      "fcf_margin_change": -0.22048413759119218
    },
    {
      "date": "2023-03-31T00:00:00",
      "quarter_label": "2023-03 (Q1)",
      "revenue": 446444000,
      "gross_profit": 256793000,
      "operating_income": 285545000,
      "net_income": -310637000,
      "opex": 522681000,
      "cogs": 189651000,
      "rd": null,
      "sga": null,
      "fcf": 148148000,
      "ocf": 148148000,
      "capex": null,
      "gross_margin": 0.5751964412109918,
      "op_margin": 0.6395986954690845,
      "fcf_margin": 0.33184005160781643,
      "incr_op_margin_yoy": 0.7266729419079612,
      "rev_growth_yoy": 0.35022153669343253,
      "rev_growth_yoy_accel": -0.4107168726665787,
      "op_leverage_ratio": 0.042382663390005154,
      "fcf_margin_change": 0.06070228774903347
    },
    {
      "date": "2023-06-30T00:00:00",
      "quarter_label": "2023-06 (Q2)",
      "revenue": 451644000,
      "gross_profit": 259023000,
      "operating_income": 303249000,
      "net_income": -32159000,
      "opex": 558150000,
      "cogs": 192621000,
      "rd": null,
      "sga": null,
      "fcf": 112810000,
      "ocf": 112810000,
      "capex": null,
      "gross_margin": 0.5735114382123974,
      "op_margin": 0.6714336955655339,
      "fcf_margin": 0.24977637254120502,
      "incr_op_margin_yoy": 0.5956568557071069,
      "rev_growth_yoy": 0.1910191768106158,
      "rev_growth_yoy_accel": -0.15920235988281672,
      "op_leverage_ratio": 0.17164221961386586,
      "fcf_margin_change": -0.08206367906661141
    },
    {
      "date": "2023-09-30T00:00:00",
      "quarter_label": "2023-09 (Q3)",
      "revenue": 433048000,
      "gross_profit": 243926000,
      "operating_income": 286003000,
      "net_income": -55067000,
      "opex": 443799000,
      "cogs": 189122000,
      "rd": null,
      "sga": null,
      "fcf": 169825000,
      "ocf": 169825000,
      "capex": null,
      "gross_margin": 0.5632770501191554,
      "op_margin": 0.6604417985996933,
      "fcf_margin": 0.39216206979364876,
      "incr_op_margin_yoy": -17.7125328659071,
      "rev_growth_yoy": 0.005297539731547987,
      "rev_growth_yoy_accel": -0.18572163707906783,
      "fcf_margin_change": 0.14238569725244374
    },
    {
      "date": "2023-12-31T00:00:00",
      "quarter_label": "2023-12 (Q4)",
      "revenue": 423182000,
      "gross_profit": 246054000,
      "operating_income": 242513000,
      "net_income": -251840000,
      "opex": 423039000,
      "cogs": 177128000,
      "rd": null,
      "sga": null,
      "fcf": 125784000,
      "ocf": 125784000,
      "capex": null,
      "gross_margin": 0.5814377738183572,
      "op_margin": 0.5730702156518944,
      "fcf_margin": 0.29723381429266843,
      "incr_op_margin_yoy": 0.6621856306682962,
      "rev_growth_yoy": -0.03543645393853609,
      "rev_growth_yoy_accel": -0.040733993670084075,
      "fcf_margin_change": -0.09492825550098033
    },
    {
      "date": "2024-03-31T00:00:00",
      "quarter_label": "2024-03 (Q1)",
      "revenue": 424050000,
      "gross_profit": 244393000,
      "operating_income": 280922000,
      "net_income": -81346000,
      "opex": 410543000,
      "cogs": 179657000,
      "rd": null,
      "sga": null,
      "fcf": 118246000,
      "ocf": 118246000,
      "capex": null,
      "gross_margin": 0.5763306213889872,
      "op_margin": 0.6624737648862162,
      "fcf_margin": 0.2788491923122273,
      "incr_op_margin_yoy": 0.2064392247923551,
      "rev_growth_yoy": -0.05016082644183817,
      "rev_growth_yoy_accel": -0.01472437250330208,
      "fcf_margin_change": -0.018384621980441107
    },
    {
      "date": "2024-06-30T00:00:00",
      "quarter_label": "2024-06 (Q2)",
      "revenue": 421795000,
      "gross_profit": 241280000,
      "operating_income": 251949000,
      "net_income": -145721000,
      "opex": 406314000,
      "cogs": 180515000,
      "rd": null,
      "sga": null,
      "fcf": 88256000,
      "ocf": 88256000,
      "capex": null,
      "gross_margin": 0.5720314370725115,
      "op_margin": 0.5973257150985668,
      "fcf_margin": 0.20923908533766403,
      "incr_op_margin_yoy": 1.7186505410566517,
      "rev_growth_yoy": -0.06608966354031051,
      "rev_growth_yoy_accel": -0.015928837098472343,
      "fcf_margin_change": -0.0696101069745633
    },
    {
      "date": "2024-09-30T00:00:00",
      "quarter_label": "2024-09 (Q3)",
      "revenue": 424849000,
      "gross_profit": 241275000,
      "operating_income": 258096000,
      "net_income": -316960000,
      "opex": 403867000,
      "cogs": 183574000,
      "rd": null,
      "sga": null,
      "fcf": 146131000,
      "ocf": 146131000,
      "capex": null,
      "gross_margin": 0.5679076566026988,
      "op_margin": 0.6075005472532594,
      "fcf_margin": 0.3439598539716464,
      "incr_op_margin_yoy": 3.4037077692401514,
      "rev_growth_yoy": -0.018933236038499196,
      "rev_growth_yoy_accel": 0.047156427501811315,
      "fcf_margin_change": 0.13472076863398239
    },
    {
      "date": "2024-12-31T00:00:00",
      "quarter_label": "2024-12 (Q4)",
      "revenue": 417091000,
      "gross_profit": 245846000,
      "operating_income": 264147000,
      "net_income": -140856000,
      "opex": 539283000,
      "cogs": 171245000,
      "rd": null,
      "sga": null,
      "fcf": 76558000,
      "ocf": 76558000,
      "capex": null,
      "gross_margin": 0.5894301243613504,
      "op_margin": 0.6333078392964605,
      "fcf_margin": 0.18355227036785737,
      "incr_op_margin_yoy": -3.551797734362174,
      "rev_growth_yoy": -0.014393334310060447,
      "rev_growth_yoy_accel": 0.004539901728438749,
      "fcf_margin_change": -0.16040758360378904
    },
    {
      "date": "2025-03-31T00:00:00",
      "quarter_label": "2025-03 (Q1)",
      "revenue": 400265000,
      "gross_profit": 229160000,
      "operating_income": 246967000,
      "net_income": -177180000,
      "opex": 376375000,
      "cogs": 171105000,
      "rd": null,
      "sga": null,
      "fcf": 85246000,
      "ocf": 85246000,
      "capex": null,
      "gross_margin": 0.5725207050329157,
      "op_margin": 0.6170087317152386,
      "fcf_margin": 0.2129739047880779,
      "incr_op_margin_yoy": 1.4275804078200547,
      "rev_growth_yoy": -0.05609008371654286,
      "rev_growth_yoy_accel": -0.04169674940648241,
      "fcf_margin_change": 0.029421634420220527
    },
    {
      "date": "2025-06-30T00:00:00",
      "quarter_label": "2025-06 (Q2)",
      "revenue": 394535000,
      "gross_profit": 227656000,
      "operating_income": 241625000,
      "net_income": -193897000,
      "opex": 371738000,
      "cogs": 166879000,
      "rd": null,
      "sga": null,
      "fcf": 112446000,
      "ocf": 112446000,
      "capex": null,
      "gross_margin": 0.5770235847263234,
      "op_margin": 0.6124298224492124,
      "fcf_margin": 0.2850089345685427,
      "incr_op_margin_yoy": 0.37872340425531914,
      "rev_growth_yoy": -0.06462855178463471,
      "rev_growth_yoy_accel": -0.008538468068091852,
      "fcf_margin_change": 0.0720350297804648
    },
    {
      "date": "2025-09-30T00:00:00",
      "quarter_label": "2025-09 (Q3)",
      "revenue": 393950000,
      "gross_profit": 221581000,
      "operating_income": 234394000,
      "net_income": -168511000,
      "opex": 387726000,
      "cogs": 172369000,
      "rd": null,
      "sga": null,
      "fcf": 98590000,
      "ocf": 98590000,
      "capex": null,
      "gross_margin": 0.562459703007996,
      "op_margin": 0.5949841350425181,
      "fcf_margin": 0.2502601853027034,
      "incr_op_margin_yoy": 0.767079840771546,
      "rev_growth_yoy": -0.0727293697290096,
      "rev_growth_yoy_accel": -0.008100817944374894,
      "fcf_margin_change": -0.03474874926583932
    }
  ],
  "signals": [
    {
      "quarter": "2025-09 (Q3)",
      "signal": "INCREMENTAL MARGIN (YoY)",
      "detail": "YoY Incr OPM: +76.7% vs year-ago OPM: +60.8%",
      "severity": "MEDIUM"
    },
    {
      "quarter": "2025-06 (Q2)",
      "signal": "FCF MARGIN EXPANSION",
      "detail": "FCF margin: +21.3% -> +28.5% (+7.2%)",
      "severity": "MEDIUM"
    },
    {
      "quarter": "2025-03 (Q1)",
      "signal": "INCREMENTAL MARGIN (YoY)",
      "detail": "YoY Incr OPM: +142.8% vs year-ago OPM: +66.2%",
      "severity": "HIGH"
    },
    {
      "quarter": "2024-12 (Q4)",
      "signal": "GROSS MARGIN INFLECTION",
      "detail": "GM: +57.2% -> +56.8% -> +58.9% (reversal +2.2%)",
      "severity": "MEDIUM"
    },
    {
      "quarter": "2024-09 (Q3)",
      "signal": "FCF MARGIN EXPANSION",
      "detail": "FCF margin: +20.9% -> +34.4% (+13.5%)",
      "severity": "MEDIUM"
    },
    {
      "quarter": "2024-09 (Q3)",
      "signal": "INCREMENTAL MARGIN (YoY)",
      "detail": "YoY Incr OPM: +340.4% vs year-ago OPM: +66.0%",
      "severity": "HIGH"
    },
    {
      "quarter": "2024-06 (Q2)",
      "signal": "INCREMENTAL MARGIN (YoY)",
      "detail": "YoY Incr OPM: +171.9% vs year-ago OPM: +67.1%",
      "severity": "HIGH"
    },
    {
      "quarter": "2023-09 (Q3)",
      "signal": "FCF MARGIN EXPANSION",
      "detail": "FCF margin: +25.0% -> +39.2% (+14.2%)",
      "severity": "MEDIUM"
    },
    {
      "quarter": "2023-09 (Q3)",
      "signal": "YoY REVENUE GROWTH DECELERATION",
      "detail": "YoY growth: +0.5% vs prior quarter YoY: +19.1% (decel: -18.6%)",
      "severity": "WARNING"
    },
    {
      "quarter": "2023-06 (Q2)",
      "signal": "YoY REVENUE GROWTH DECELERATION",
      "detail": "YoY growth: +19.1% vs prior quarter YoY: +35.0% (decel: -15.9%)",
      "severity": "WARNING"
    },
    {
      "quarter": "2023-03 (Q1)",
      "signal": "FCF MARGIN EXPANSION",
      "detail": "FCF margin: +27.1% -> +33.2% (+6.1%)",
      "severity": "MEDIUM"
    },
    {
      "quarter": "2023-03 (Q1)",
      "signal": "YoY REVENUE GROWTH DECELERATION",
      "detail": "YoY growth: +35.0% vs prior quarter YoY: +76.1% (decel: -41.1%)",
      "severity": "WARNING"
    },
    {
      "quarter": "2023-03 (Q1)",
      "signal": "INCREMENTAL MARGIN (YoY)",
      "detail": "YoY Incr OPM: +72.7% vs year-ago OPM: +60.9%",
      "severity": "MEDIUM"
    },
    {
      "quarter": "2022-12 (Q4)",
      "signal": "YoY REVENUE GROWTH DECELERATION",
      "detail": "YoY growth: +76.1% vs prior quarter YoY: +165.2% (decel: -89.1%)",
      "severity": "WARNING"
    },
    {
      "quarter": "2022-09 (Q3)",
      "signal": "FCF MARGIN EXPANSION",
      "detail": "FCF margin: +36.7% -> +49.2% (+12.5%)",
      "severity": "MEDIUM"
    },
    {
      "quarter": "2022-09 (Q3)",
      "signal": "OPERATING LEVERAGE",
      "detail": "Rev growth +13.6% vs OpEx growth +5.5% (leverage: 2.5x)",
      "severity": "MEDIUM"
    },
    {
      "quarter": "2022-09 (Q3)",
      "signal": "YoY REVENUE GROWTH DECELERATION",
      "detail": "YoY growth: +165.2% vs prior quarter YoY: +202.0% (decel: -36.8%)",
      "severity": "WARNING"
    },
    {
      "quarter": "2022-06 (Q2)",
      "signal": "YoY REVENUE GROWTH DECELERATION",
      "detail": "YoY growth: +202.0% vs prior quarter YoY: +212.7% (decel: -10.7%)",
      "severity": "WARNING"
    },
    {
      "quarter": "2022-03 (Q1)",
      "signal": "FCF MARGIN EXPANSION",
      "detail": "FCF margin: +23.7% -> +37.8% (+14.2%)",
      "severity": "MEDIUM"
    },
    {
      "quarter": "2022-03 (Q1)",
      "signal": "YoY REVENUE GROWTH ACCELERATION",
      "detail": "YoY growth: +212.7% vs prior quarter YoY: +167.9% (accel: +44.8%)",
      "severity": "HIGH"
    },
    {
      "quarter": "2021-12 (Q4)",
      "signal": "GROSS MARGIN INFLECTION",
      "detail": "GM: +62.4% -> +60.1% -> +62.4% (reversal +2.3%)",
      "severity": "MEDIUM"
    },
    {
      "quarter": "2021-09 (Q3)",
      "signal": "FCF MARGIN EXPANSION",
      "detail": "FCF margin: +36.9% -> +47.7% (+10.8%)",
      "severity": "MEDIUM"
    },
    {
      "quarter": "2021-06 (Q2)",
      "signal": "GROSS MARGIN INFLECTION",
      "detail": "GM: +61.3% -> +59.5% -> +62.4% (reversal +2.9%)",
      "severity": "MEDIUM"
    },
    {
      "quarter": "2021-03 (Q1)",
      "signal": "FCF MARGIN EXPANSION",
      "detail": "FCF margin: +36.6% -> +47.5% (+10.9%)",
      "severity": "MEDIUM"
    },
    {
      "quarter": "2021-03 (Q1)",
      "signal": "OPERATING LEVERAGE",
      "detail": "Rev growth +13.7% vs OpEx growth +8.7% (leverage: 1.6x)",
      "severity": "MEDIUM"
    }
  ],
  "data_quality": {
    "n_quarters": 20,
    "coverage": {
      "revenue": [
        20,
        20
      ],
      "gross_profit": [
        20,
        20
      ],
      "op_income": [
        20,
        20
      ],
      "fcf": [
        20,
        20
      ]
    },
    "gaps": [],
    "warnings": []
  },
  "market_cap": null,
  "source": "SEC EDGAR",
  "last_updated": "2026-02-03T01:11:52.087142"
}