{
  "ticker": "SWK",
  "name": "Stanley Black\u00a0& Decker, Inc.",
  "quarters": [
    {
      "date": "2021-01-02T00:00:00",
      "quarter_label": "2021-01 (Q1)",
      "revenue": 4407600000,
      "gross_profit": 1555800000,
      "operating_income": 792900000,
      "net_income": 467300000,
      "opex": 3867500000,
      "cogs": 2851800000,
      "rd": null,
      "sga": 866400000,
      "fcf": 1283300000,
      "ocf": 1421900000,
      "capex": -138600000,
      "gross_margin": 0.35298121426626733,
      "op_margin": 0.17989381976585897,
      "fcf_margin": 0.29115618477175786
    },
    {
      "date": "2021-04-03T00:00:00",
      "quarter_label": "2021-04 (Q2)",
      "revenue": 4197100000,
      "gross_profit": 1413700000,
      "operating_income": null,
      "net_income": 487400000,
      "opex": 3592600000,
      "cogs": 2632800000,
      "rd": null,
      "sga": 847400000,
      "fcf": -246100000,
      "ocf": -157800000,
      "capex": -88300000,
      "gross_margin": 0.3368278096781111,
      "op_margin": null,
      "fcf_margin": -0.058635724667032,
      "fcf_margin_change": -0.34979190943878985
    },
    {
      "date": "2021-07-03T00:00:00",
      "quarter_label": "2021-07 (Q3)",
      "revenue": 4300900000,
      "gross_profit": 1386400000,
      "operating_income": 687500000,
      "net_income": 459500000,
      "opex": 3773100000,
      "cogs": 2757300000,
      "rd": null,
      "sga": 902500000,
      "fcf": 339300000,
      "ocf": 444400000,
      "capex": -105100000,
      "gross_margin": 0.3223511358087842,
      "op_margin": 0.15985026389825385,
      "fcf_margin": 0.07889046478644005,
      "op_leverage_ratio": 0.49224316671364765,
      "fcf_margin_change": 0.13752618945347206
    },
    {
      "date": "2021-10-02T00:00:00",
      "quarter_label": "2021-10 (Q4)",
      "revenue": 4263200000,
      "gross_profit": 1241600000,
      "operating_income": 521100000,
      "net_income": 414200000,
      "opex": 3859300000,
      "cogs": 2871700000,
      "rd": null,
      "sga": 895200000,
      "fcf": -124500000,
      "ocf": 4600000,
      "capex": -129100000,
      "gross_margin": 0.29123662976168135,
      "op_margin": 0.12223212610245825,
      "fcf_margin": -0.029203415274910865,
      "fcf_margin_change": -0.10809388006135091
    },
    {
      "date": "2022-01-01T00:00:00",
      "quarter_label": "2022-01 (Q1)",
      "revenue": 4068300000,
      "gross_profit": 1152500000,
      "operating_income": null,
      "net_income": 328100000,
      "opex": 2751200000,
      "cogs": 2161200000,
      "rd": null,
      "sga": 591400000,
      "fcf": 175300000,
      "ocf": 371900000,
      "capex": -196600000,
      "gross_margin": 0.28328785979401716,
      "op_margin": null,
      "fcf_margin": 0.043089251038517316,
      "rev_growth_yoy": -0.07698066975224611,
      "fcf_margin_change": 0.07229266631342818
    },
    {
      "date": "2022-04-02T00:00:00",
      "quarter_label": "2022-04 (Q2)",
      "revenue": 4448000000,
      "gross_profit": 1305400000,
      "operating_income": 419800000,
      "net_income": 175300000,
      "opex": 4269500000,
      "cogs": 3142600000,
      "rd": null,
      "sga": 949200000,
      "fcf": -1380900000,
      "ocf": -1241100000,
      "capex": -139800000,
      "gross_margin": 0.29348021582733813,
      "op_margin": 0.0943794964028777,
      "fcf_margin": -0.3104541366906475,
      "rev_growth_yoy": 0.05977937147077744,
      "rev_growth_yoy_accel": 0.13676004122302354,
      "op_leverage_ratio": 0.1691189202679469,
      "fcf_margin_change": -0.35354338772916477
    },
    {
      "date": "2022-07-02T00:00:00",
      "quarter_label": "2022-07 (Q3)",
      "revenue": 4393000000,
      "gross_profit": 1207100000,
      "operating_income": 419900000,
      "net_income": 87600000,
      "opex": 4377100000,
      "cogs": 3185900000,
      "rd": null,
      "sga": 849400000,
      "fcf": -589600000,
      "ocf": -443900000,
      "capex": -145700000,
      "gross_margin": 0.2747780559981789,
      "op_margin": 0.09558388345094468,
      "fcf_margin": -0.13421352151149557,
      "incr_op_margin_yoy": -2.9055374592833876,
      "rev_growth_yoy": 0.021414122625496988,
      "rev_growth_yoy_accel": -0.038365248845280454,
      "fcf_margin_change": 0.1762406151791519
    },
    {
      "date": "2022-10-01T00:00:00",
      "quarter_label": "2022-10 (Q4)",
      "revenue": 4119600000,
      "gross_profit": 1018100000,
      "operating_income": 296800000,
      "net_income": 844600000,
      "opex": 4123900000,
      "cogs": 3101500000,
      "rd": null,
      "sga": 799000000,
      "fcf": -540000000,
      "ocf": -425600000,
      "capex": -114400000,
      "gross_margin": 0.24713564423730458,
      "op_margin": 0.07204582969220312,
      "fcf_margin": -0.13108068744538304,
      "incr_op_margin_yoy": 1.5619777158774373,
      "rev_growth_yoy": -0.0336836179395759,
      "rev_growth_yoy_accel": -0.05509774056507289,
      "fcf_margin_change": 0.003132834066112533
    },
    {
      "date": "2022-12-31T00:00:00",
      "quarter_label": "2022-12 (Q4)",
      "revenue": 3986800000,
      "gross_profit": 753500000,
      "operating_income": null,
      "net_income": -45000000,
      "opex": 4139000000,
      "cogs": 3233300000,
      "rd": null,
      "sga": 758100000,
      "fcf": 520600000,
      "ocf": 651100000,
      "capex": -130500000,
      "gross_margin": 0.18899869569579614,
      "op_margin": null,
      "fcf_margin": 0.1305809170261864,
      "rev_growth_yoy": -0.020032937590639826,
      "rev_growth_yoy_accel": 0.013650680348936076,
      "fcf_margin_change": 0.26166160447156944
    },
    {
      "date": "2023-04-01T00:00:00",
      "quarter_label": "2023-04 (Q2)",
      "revenue": 3931800000,
      "gross_profit": 835500000,
      "operating_income": 86100000,
      "net_income": -187800000,
      "opex": 4095900000,
      "cogs": 3096300000,
      "rd": null,
      "sga": 823000000,
      "fcf": -354500000,
      "ocf": -286300000,
      "capex": -68200000,
      "gross_margin": 0.2124980924767282,
      "op_margin": 0.021898367160079354,
      "fcf_margin": -0.09016226664631975,
      "incr_op_margin_yoy": 0.6464548624564123,
      "rev_growth_yoy": -0.11605215827338129,
      "rev_growth_yoy_accel": -0.09601922068274146,
      "fcf_margin_change": -0.22074318367250617
    },
    {
      "date": "2023-07-01T00:00:00",
      "quarter_label": "2023-07 (Q3)",
      "revenue": 4158900000,
      "gross_profit": 932100000,
      "operating_income": 173600000,
      "net_income": 177000000,
      "opex": 4234700000,
      "cogs": 3226800000,
      "rd": null,
      "sga": 834400000,
      "fcf": 196100000,
      "ocf": 264400000,
      "capex": -68300000,
      "gross_margin": 0.22412176296616895,
      "op_margin": 0.041741806727740506,
      "fcf_margin": 0.047151891125057105,
      "incr_op_margin_yoy": 1.0521144809910294,
      "rev_growth_yoy": -0.05328932392442522,
      "rev_growth_yoy_accel": 0.06276283434895608,
      "op_leverage_ratio": 1.7044552157513266,
      "fcf_margin_change": 0.13731415777137684
    },
    {
      "date": "2023-09-30T00:00:00",
      "quarter_label": "2023-09 (Q3)",
      "revenue": 3953900000,
      "gross_profit": 1060600000,
      "operating_income": 335900000,
      "net_income": 4700000,
      "opex": 4010900000,
      "cogs": 2893300000,
      "rd": null,
      "sga": 791800000,
      "fcf": 364000000,
      "ocf": 443900000,
      "capex": -79900000,
      "gross_margin": 0.26824148309264273,
      "op_margin": 0.08495409595589165,
      "fcf_margin": 0.09206100306026961,
      "incr_op_margin_yoy": -0.235968617984309,
      "rev_growth_yoy": -0.04022235168462958,
      "rev_growth_yoy_accel": 0.013066972239795645,
      "fcf_margin_change": 0.044909111935212506
    },
    {
      "date": "2023-12-30T00:00:00",
      "quarter_label": "2023-12 (Q4)",
      "revenue": 3736500000,
      "gross_profit": 1104400000,
      "operating_income": null,
      "net_income": -304400000,
      "opex": 3815300000,
      "cogs": 2632100000,
      "rd": null,
      "sga": 832800000,
      "fcf": 647000000,
      "ocf": 769300000,
      "capex": -122300000,
      "gross_margin": 0.29557072126321426,
      "op_margin": null,
      "fcf_margin": 0.1731566974441322,
      "rev_growth_yoy": -0.06278218119795324,
      "rev_growth_yoy_accel": -0.022559829513323665,
      "fcf_margin_change": 0.08109569438386259
    },
    {
      "date": "2024-03-30T00:00:00",
      "quarter_label": "2024-03 (Q1)",
      "revenue": 3869500000,
      "gross_profit": 1108500000,
      "operating_income": 320900000,
      "net_income": 19500000,
      "opex": 3821200000,
      "cogs": 2761000000,
      "rd": null,
      "sga": 852000000,
      "fcf": -496700000,
      "ocf": -431000000,
      "capex": -65700000,
      "gross_margin": 0.28647112029978034,
      "op_margin": 0.08293061119007623,
      "fcf_margin": -0.1283628375759142,
      "incr_op_margin_yoy": -3.768860353130016,
      "rev_growth_yoy": -0.015845159977618394,
      "rev_growth_yoy_accel": 0.04693702122033485,
      "op_leverage_ratio": 23.017774723467763,
      "fcf_margin_change": -0.3015195350200464
    },
    {
      "date": "2024-06-29T00:00:00",
      "quarter_label": "2024-06 (Q2)",
      "revenue": 4024400000,
      "gross_profit": 1141200000,
      "operating_income": 382900000,
      "net_income": -11200000,
      "opex": 4046500000,
      "cogs": 2883200000,
      "rd": null,
      "sga": 825800000,
      "fcf": 485800000,
      "ocf": 573000000,
      "capex": -87200000,
      "gross_margin": 0.28357022164794754,
      "op_margin": 0.0951446178312295,
      "fcf_margin": 0.12071364675479575,
      "incr_op_margin_yoy": -1.5561338289962825,
      "rev_growth_yoy": -0.032340282286181445,
      "rev_growth_yoy_accel": -0.01649512230856305,
      "op_leverage_ratio": 0.6789458594410049,
      "fcf_margin_change": 0.24907648433070995
    },
    {
      "date": "2024-09-28T00:00:00",
      "quarter_label": "2024-09 (Q3)",
      "revenue": 3751300000,
      "gross_profit": 1120600000,
      "operating_income": 397700000,
      "net_income": 91100000,
      "opex": 3661800000,
      "cogs": 2630700000,
      "rd": null,
      "sga": 790000000,
      "fcf": 199300000,
      "ocf": 285800000,
      "capex": -86500000,
      "gross_margin": 0.29872310932210167,
      "op_margin": 0.10601658091861488,
      "fcf_margin": 0.05312824887372378,
      "incr_op_margin_yoy": -0.3050345508390918,
      "rev_growth_yoy": -0.05124054730772149,
      "rev_growth_yoy_accel": -0.018900265021540047,
      "fcf_margin_change": -0.06758539788107197
    },
    {
      "date": "2024-12-28T00:00:00",
      "quarter_label": "2024-12 (Q4)",
      "revenue": 3720500000,
      "gross_profit": 1144100000,
      "operating_income": null,
      "net_income": 194900000,
      "opex": 3595100000,
      "cogs": 2576400000,
      "rd": null,
      "sga": 842700000,
      "fcf": 564600000,
      "ocf": 679100000,
      "capex": -114500000,
      "gross_margin": 0.30751243112484883,
      "op_margin": null,
      "fcf_margin": 0.15175379653272408,
      "rev_growth_yoy": -0.004282082162451492,
      "rev_growth_yoy_accel": 0.04695846514527,
      "fcf_margin_change": 0.0986255476590003
    },
    {
      "date": "2025-03-29T00:00:00",
      "quarter_label": "2025-03 (Q1)",
      "revenue": 3744600000,
      "gross_profit": 1120800000,
      "operating_income": null,
      "net_income": 90400000,
      "opex": 3617000000,
      "cogs": 2623800000,
      "rd": null,
      "sga": 852500000,
      "fcf": -485000000,
      "ocf": -420000000,
      "capex": -65000000,
      "gross_margin": 0.2993110078513059,
      "op_margin": null,
      "fcf_margin": -0.1295198419056775,
      "rev_growth_yoy": -0.0322780721023388,
      "rev_growth_yoy_accel": -0.02799598993988731,
      "fcf_margin_change": -0.2812736384384016
    },
    {
      "date": "2025-06-28T00:00:00",
      "quarter_label": "2025-06 (Q2)",
      "revenue": 3945200000,
      "gross_profit": 1066500000,
      "operating_income": null,
      "net_income": 101900000,
      "opex": 3918500000,
      "cogs": 2878700000,
      "rd": null,
      "sga": 870400000,
      "fcf": 134700000,
      "ocf": 214300000,
      "capex": -79600000,
      "gross_margin": 0.2703285004562506,
      "op_margin": null,
      "fcf_margin": 0.034142755753827435,
      "rev_growth_yoy": -0.01967995229102475,
      "rev_growth_yoy_accel": 0.012598119811314052,
      "op_leverage_ratio": 0.6426680179546994,
      "fcf_margin_change": 0.16366259765950494
    },
    {
      "date": "2025-09-27T00:00:00",
      "quarter_label": "2025-09 (Q3)",
      "revenue": 3756000000,
      "gross_profit": 1179100000,
      "operating_income": null,
      "net_income": 51400000,
      "opex": 3720400000,
      "cogs": 2576900000,
      "rd": null,
      "sga": 789700000,
      "fcf": 155300000,
      "ocf": 221200000,
      "capex": -65900000,
      "gross_margin": 0.3139243876464324,
      "op_margin": null,
      "fcf_margin": 0.04134717784877529,
      "rev_growth_yoy": 0.0012528989950150613,
      "rev_growth_yoy_accel": 0.020932851286039812,
      "fcf_margin_change": 0.007204422094947857
    }
  ],
  "signals": [
    {
      "quarter": "2025-09 (Q3)",
      "signal": "GROSS MARGIN INFLECTION",
      "detail": "GM: +29.9% -> +27.0% -> +31.4% (reversal +4.4%)",
      "severity": "MEDIUM"
    },
    {
      "quarter": "2025-06 (Q2)",
      "signal": "FCF TURNED POSITIVE",
      "detail": "FCF margin: -13.0% -> +3.4%",
      "severity": "HIGH"
    },
    {
      "quarter": "2024-12 (Q4)",
      "signal": "FCF MARGIN EXPANSION",
      "detail": "FCF margin: +5.3% -> +15.2% (+9.9%)",
      "severity": "MEDIUM"
    },
    {
      "quarter": "2024-06 (Q2)",
      "signal": "FCF TURNED POSITIVE",
      "detail": "FCF margin: -12.8% -> +12.1%",
      "severity": "HIGH"
    },
    {
      "quarter": "2024-03 (Q1)",
      "signal": "OPERATING LEVERAGE",
      "detail": "Rev growth +3.6% vs OpEx growth +0.2% (leverage: 23.0x)",
      "severity": "MEDIUM"
    },
    {
      "quarter": "2023-12 (Q4)",
      "signal": "FCF MARGIN EXPANSION",
      "detail": "FCF margin: +9.2% -> +17.3% (+8.1%)",
      "severity": "MEDIUM"
    },
    {
      "quarter": "2023-07 (Q3)",
      "signal": "FCF TURNED POSITIVE",
      "detail": "FCF margin: -9.0% -> +4.7%",
      "severity": "HIGH"
    },
    {
      "quarter": "2023-07 (Q3)",
      "signal": "OPERATING LEVERAGE",
      "detail": "Rev growth +5.8% vs OpEx growth +3.4% (leverage: 1.7x)",
      "severity": "MEDIUM"
    },
    {
      "quarter": "2023-07 (Q3)",
      "signal": "YoY REVENUE GROWTH ACCELERATION",
      "detail": "YoY growth: -5.3% vs prior quarter YoY: -11.6% (accel: +6.3%)",
      "severity": "MEDIUM"
    },
    {
      "quarter": "2023-07 (Q3)",
      "signal": "INCREMENTAL MARGIN (YoY)",
      "detail": "YoY Incr OPM: +105.2% vs year-ago OPM: +9.6%",
      "severity": "HIGH"
    },
    {
      "quarter": "2023-04 (Q2)",
      "signal": "GROSS MARGIN INFLECTION",
      "detail": "GM: +24.7% -> +18.9% -> +21.2% (reversal +2.3%)",
      "severity": "MEDIUM"
    },
    {
      "quarter": "2023-04 (Q2)",
      "signal": "YoY REVENUE GROWTH DECELERATION",
      "detail": "YoY growth: -11.6% vs prior quarter YoY: -2.0% (decel: -9.6%)",
      "severity": "WARNING"
    },
    {
      "quarter": "2023-04 (Q2)",
      "signal": "INCREMENTAL MARGIN (YoY)",
      "detail": "YoY Incr OPM: +64.6% vs year-ago OPM: +9.4%",
      "severity": "HIGH"
    },
    {
      "quarter": "2022-12 (Q4)",
      "signal": "FCF TURNED POSITIVE",
      "detail": "FCF margin: -13.1% -> +13.1%",
      "severity": "HIGH"
    },
    {
      "quarter": "2022-10 (Q4)",
      "signal": "YoY REVENUE GROWTH DECELERATION",
      "detail": "YoY growth: -3.4% vs prior quarter YoY: +2.1% (decel: -5.5%)",
      "severity": "WARNING"
    },
    {
      "quarter": "2022-10 (Q4)",
      "signal": "INCREMENTAL MARGIN (YoY)",
      "detail": "YoY Incr OPM: +156.2% vs year-ago OPM: +12.2%",
      "severity": "HIGH"
    },
    {
      "quarter": "2022-07 (Q3)",
      "signal": "FCF MARGIN EXPANSION",
      "detail": "FCF margin: -31.0% -> -13.4% (+17.6%)",
      "severity": "MEDIUM"
    },
    {
      "quarter": "2022-04 (Q2)",
      "signal": "YoY REVENUE GROWTH ACCELERATION",
      "detail": "YoY growth: +6.0% vs prior quarter YoY: -7.7% (accel: +13.7%)",
      "severity": "MEDIUM"
    },
    {
      "quarter": "2022-01 (Q1)",
      "signal": "FCF TURNED POSITIVE",
      "detail": "FCF margin: -2.9% -> +4.3%",
      "severity": "HIGH"
    },
    {
      "quarter": "2021-07 (Q3)",
      "signal": "FCF TURNED POSITIVE",
      "detail": "FCF margin: -5.9% -> +7.9%",
      "severity": "HIGH"
    }
  ],
  "data_quality": {
    "n_quarters": 20,
    "coverage": {
      "revenue": [
        20,
        20
      ],
      "gross_profit": [
        20,
        20
      ],
      "op_income": [
        12,
        20
      ],
      "fcf": [
        20,
        20
      ]
    },
    "gaps": [],
    "warnings": [
      "op_income: 12/20Q"
    ]
  },
  "market_cap": null,
  "source": "SEC EDGAR",
  "last_updated": "2026-02-02T20:31:55.510176"
}