{
  "ticker": "SWKH",
  "name": "SWK Holdings Corporation",
  "quarters": [
    {
      "date": "2020-12-31T00:00:00",
      "quarter_label": "2020-12 (Q4)",
      "revenue": 10889000,
      "gross_profit": null,
      "operating_income": null,
      "net_income": null,
      "opex": 8276000,
      "cogs": null,
      "rd": 957000,
      "sga": null,
      "fcf": 8476000,
      "ocf": 10059000,
      "capex": -1583000,
      "gross_margin": null,
      "op_margin": null,
      "fcf_margin": 0.7784002204059143
    },
    {
      "date": "2021-03-31T00:00:00",
      "quarter_label": "2021-03 (Q1)",
      "revenue": 9373000,
      "gross_profit": null,
      "operating_income": 3113000,
      "net_income": 3389000,
      "opex": 6260000,
      "cogs": null,
      "rd": 1548000,
      "sga": null,
      "fcf": 4050000,
      "ocf": 4371000,
      "capex": -321000,
      "gross_margin": null,
      "op_margin": 0.33212418649311853,
      "fcf_margin": 0.4320921796649952,
      "fcf_margin_change": -0.3463080407409191
    },
    {
      "date": "2021-06-30T00:00:00",
      "quarter_label": "2021-06 (Q2)",
      "revenue": 22266000,
      "gross_profit": null,
      "operating_income": 16606000,
      "net_income": 13970000,
      "opex": 5660000,
      "cogs": null,
      "rd": 1542000,
      "sga": null,
      "fcf": 14529000,
      "ocf": 14879000,
      "capex": -350000,
      "gross_margin": null,
      "op_margin": 0.745800772478218,
      "fcf_margin": 0.6525195365130693,
      "op_leverage_ratio": Infinity,
      "fcf_margin_change": 0.22042735684807407
    },
    {
      "date": "2021-09-30T00:00:00",
      "quarter_label": "2021-09 (Q3)",
      "revenue": 9560000,
      "gross_profit": null,
      "operating_income": 2628000,
      "net_income": 2243000,
      "opex": 6932000,
      "cogs": null,
      "rd": 2487000,
      "sga": null,
      "fcf": 3616000,
      "ocf": 3822000,
      "capex": -206000,
      "gross_margin": null,
      "op_margin": 0.27489539748953973,
      "fcf_margin": 0.3782426778242678,
      "fcf_margin_change": -0.2742768586888015
    },
    {
      "date": "2021-12-31T00:00:00",
      "quarter_label": "2021-12 (Q4)",
      "revenue": 14956000,
      "gross_profit": null,
      "operating_income": null,
      "net_income": null,
      "opex": 6263000,
      "cogs": null,
      "rd": 1770000,
      "sga": null,
      "fcf": 11022000,
      "ocf": 11223000,
      "capex": -201000,
      "gross_margin": null,
      "op_margin": null,
      "fcf_margin": 0.7369617544798074,
      "rev_growth_yoy": 0.37349618881439983,
      "op_leverage_ratio": Infinity,
      "fcf_margin_change": 0.3587190766555396
    },
    {
      "date": "2022-03-31T00:00:00",
      "quarter_label": "2022-03 (Q1)",
      "revenue": 11131000,
      "gross_profit": null,
      "operating_income": 5286000,
      "net_income": 3478000,
      "opex": -5286000,
      "cogs": null,
      "rd": 1901000,
      "sga": null,
      "fcf": 4253000,
      "ocf": 4311000,
      "capex": -58000,
      "gross_margin": null,
      "op_margin": 0.4748899469948792,
      "fcf_margin": 0.38208606594196387,
      "incr_op_margin_yoy": 1.2360637087599544,
      "rev_growth_yoy": 0.18756001280273124,
      "rev_growth_yoy_accel": -0.1859361760116686,
      "fcf_margin_change": -0.3548756885378435
    },
    {
      "date": "2022-06-30T00:00:00",
      "quarter_label": "2022-06 (Q2)",
      "revenue": 6942000,
      "gross_profit": null,
      "operating_income": 1738000,
      "net_income": 565000,
      "opex": -1738000,
      "cogs": null,
      "rd": 1480000,
      "sga": null,
      "fcf": -856000,
      "ocf": -803000,
      "capex": -53000,
      "gross_margin": null,
      "op_margin": 0.25036012676462116,
      "fcf_margin": -0.12330740420628061,
      "incr_op_margin_yoy": 0.9702427564604542,
      "rev_growth_yoy": -0.6882241983292913,
      "rev_growth_yoy_accel": -0.8757842111320225,
      "fcf_margin_change": -0.5053934701482445
    },
    {
      "date": "2022-09-30T00:00:00",
      "quarter_label": "2022-09 (Q3)",
      "revenue": 13614000,
      "gross_profit": null,
      "operating_income": 6757000,
      "net_income": 6616000,
      "opex": -6757000,
      "cogs": null,
      "rd": 1792000,
      "sga": null,
      "fcf": 1687000,
      "ocf": 1770000,
      "capex": -83000,
      "gross_margin": null,
      "op_margin": 0.4963273101219333,
      "fcf_margin": 0.12391655648597033,
      "incr_op_margin_yoy": 1.0185002466699555,
      "rev_growth_yoy": 0.42405857740585773,
      "rev_growth_yoy_accel": 1.112282775735149,
      "op_leverage_ratio": 0.33281585291363863,
      "fcf_margin_change": 0.24722396069225094
    },
    {
      "date": "2022-12-31T00:00:00",
      "quarter_label": "2022-12 (Q4)",
      "revenue": 9797000,
      "gross_profit": null,
      "operating_income": null,
      "net_income": null,
      "opex": 3813000,
      "cogs": null,
      "rd": 1779000,
      "sga": null,
      "fcf": 2821000,
      "ocf": 2924000,
      "capex": -103000,
      "gross_margin": null,
      "op_margin": null,
      "fcf_margin": 0.28794528937429825,
      "rev_growth_yoy": -0.34494517250601764,
      "rev_growth_yoy_accel": -0.7690037499118754,
      "fcf_margin_change": 0.16402873288832792
    },
    {
      "date": "2023-03-31T00:00:00",
      "quarter_label": "2023-03 (Q1)",
      "revenue": 9411000,
      "gross_profit": null,
      "operating_income": null,
      "net_income": 4635000,
      "opex": -5322000,
      "cogs": null,
      "rd": 719000,
      "sga": null,
      "fcf": 656000,
      "ocf": 664000,
      "capex": -8000,
      "gross_margin": null,
      "op_margin": null,
      "fcf_margin": 0.06970566358516629,
      "rev_growth_yoy": -0.1545234031084359,
      "rev_growth_yoy_accel": 0.19042176939758174,
      "fcf_margin_change": -0.21823962578913197
    },
    {
      "date": "2023-06-30T00:00:00",
      "quarter_label": "2023-06 (Q2)",
      "revenue": 9497000,
      "gross_profit": null,
      "operating_income": null,
      "net_income": 3934000,
      "opex": -4673000,
      "cogs": null,
      "rd": 1509000,
      "sga": null,
      "fcf": 4541000,
      "ocf": 4724000,
      "capex": -183000,
      "gross_margin": null,
      "op_margin": null,
      "fcf_margin": 0.4781509950510688,
      "rev_growth_yoy": 0.36804955344281187,
      "rev_growth_yoy_accel": 0.5225729565512478,
      "fcf_margin_change": 0.4084453314659025
    },
    {
      "date": "2023-09-30T00:00:00",
      "quarter_label": "2023-09 (Q3)",
      "revenue": 8962000,
      "gross_profit": null,
      "operating_income": 4326000,
      "net_income": 4474000,
      "opex": -4326000,
      "cogs": null,
      "rd": 606000,
      "sga": null,
      "fcf": 3691000,
      "ocf": 3799000,
      "capex": -108000,
      "gross_margin": null,
      "op_margin": 0.4827047534032582,
      "fcf_margin": 0.4118500334746708,
      "incr_op_margin_yoy": 0.5225709372312983,
      "rev_growth_yoy": -0.3417070662553254,
      "rev_growth_yoy_accel": -0.7097566196981373,
      "fcf_margin_change": -0.06630096157639798
    },
    {
      "date": "2023-12-31T00:00:00",
      "quarter_label": "2023-12 (Q4)",
      "revenue": 9890000,
      "gross_profit": null,
      "operating_income": 329000,
      "net_income": 2844000,
      "opex": -329000,
      "cogs": null,
      "rd": 602000,
      "sga": null,
      "fcf": 5504000,
      "ocf": 5701000,
      "capex": -197000,
      "gross_margin": null,
      "op_margin": 0.03326592517694641,
      "fcf_margin": 0.5565217391304348,
      "rev_growth_yoy": 0.009492701847504338,
      "rev_growth_yoy_accel": 0.3511997681028297,
      "op_leverage_ratio": Infinity,
      "fcf_margin_change": 0.14467170565576398
    },
    {
      "date": "2024-03-31T00:00:00",
      "quarter_label": "2024-03 (Q1)",
      "revenue": 11779000,
      "gross_profit": null,
      "operating_income": 1079000,
      "net_income": 861000,
      "opex": -1472000,
      "cogs": null,
      "rd": 530000,
      "sga": null,
      "fcf": 4430000,
      "ocf": 4430000,
      "capex": null,
      "gross_margin": null,
      "op_margin": 0.09160370150267425,
      "fcf_margin": 0.37609304694795825,
      "rev_growth_yoy": 0.2516204441610881,
      "rev_growth_yoy_accel": 0.24212774231358375,
      "op_leverage_ratio": 0.05497754388385981,
      "fcf_margin_change": -0.18042869218247654
    },
    {
      "date": "2024-06-30T00:00:00",
      "quarter_label": "2024-06 (Q2)",
      "revenue": 11541000,
      "gross_profit": null,
      "operating_income": 901000,
      "net_income": 4395000,
      "opex": -1613000,
      "cogs": null,
      "rd": 520000,
      "sga": null,
      "fcf": 5392000,
      "ocf": 5413000,
      "capex": -21000,
      "gross_margin": null,
      "op_margin": 0.07806949137856338,
      "fcf_margin": 0.46720388181266786,
      "rev_growth_yoy": 0.2152258607981468,
      "rev_growth_yoy_accel": -0.036394583362941296,
      "fcf_margin_change": 0.09111083486470961
    },
    {
      "date": "2024-09-30T00:00:00",
      "quarter_label": "2024-09 (Q3)",
      "revenue": 10418000,
      "gross_profit": null,
      "operating_income": 4082000,
      "net_income": 3468000,
      "opex": null,
      "cogs": null,
      "rd": 585000,
      "sga": null,
      "fcf": 6288000,
      "ocf": 6317000,
      "capex": -29000,
      "gross_margin": null,
      "op_margin": 0.39182184680360915,
      "fcf_margin": 0.6035707429449031,
      "incr_op_margin_yoy": -0.16758241758241757,
      "rev_growth_yoy": 0.1624637357732649,
      "rev_growth_yoy_accel": -0.052762125024881895,
      "fcf_margin_change": 0.13636686113223523
    },
    {
      "date": "2024-12-31T00:00:00",
      "quarter_label": "2024-12 (Q4)",
      "revenue": 12362000,
      "gross_profit": null,
      "operating_income": 5527000,
      "net_income": 5872000,
      "opex": null,
      "cogs": null,
      "rd": 568000,
      "sga": null,
      "fcf": 6801000,
      "ocf": 6889000,
      "capex": -88000,
      "gross_margin": null,
      "op_margin": 0.44709593916841933,
      "fcf_margin": 0.5501536968128135,
      "incr_op_margin_yoy": 2.102750809061489,
      "rev_growth_yoy": 0.24994944388270982,
      "rev_growth_yoy_accel": 0.08748570810944492,
      "fcf_margin_change": -0.05341704613208964
    },
    {
      "date": "2025-03-31T00:00:00",
      "quarter_label": "2025-03 (Q1)",
      "revenue": 11832000,
      "gross_profit": null,
      "operating_income": 8113000,
      "net_income": 4539000,
      "opex": null,
      "cogs": null,
      "rd": 758000,
      "sga": null,
      "fcf": 8180000,
      "ocf": 8280000,
      "capex": -100000,
      "gross_margin": null,
      "op_margin": 0.685682893847194,
      "fcf_margin": 0.6913455037187288,
      "rev_growth_yoy": 0.004499533067323203,
      "rev_growth_yoy_accel": -0.2454499108153866,
      "fcf_margin_change": 0.14119180690591537
    },
    {
      "date": "2025-06-30T00:00:00",
      "quarter_label": "2025-06 (Q2)",
      "revenue": 10052000,
      "gross_profit": null,
      "operating_income": 4629000,
      "net_income": 3536000,
      "opex": null,
      "cogs": null,
      "rd": 645000,
      "sga": null,
      "fcf": 7738000,
      "ocf": 7801000,
      "capex": -63000,
      "gross_margin": null,
      "op_margin": 0.46050537206526065,
      "fcf_margin": 0.7697970553123756,
      "incr_op_margin_yoy": -2.5036937541974478,
      "rev_growth_yoy": -0.12901828264448487,
      "rev_growth_yoy_accel": -0.13351781571180807,
      "fcf_margin_change": 0.0784515515936468
    },
    {
      "date": "2025-09-30T00:00:00",
      "quarter_label": "2025-09 (Q3)",
      "revenue": 10882000,
      "gross_profit": null,
      "operating_income": 6676000,
      "net_income": 8780000,
      "opex": null,
      "cogs": null,
      "rd": 147000,
      "sga": null,
      "fcf": 557000,
      "ocf": 906000,
      "capex": -349000,
      "gross_margin": null,
      "op_margin": 0.6134901672486676,
      "fcf_margin": 0.051185443852233045,
      "rev_growth_yoy": 0.04453829909771549,
      "rev_growth_yoy_accel": 0.17355658174220034,
      "fcf_margin_change": -0.7186116114601426
    }
  ],
  "signals": [
    {
      "quarter": "2025-09 (Q3)",
      "signal": "YoY REVENUE GROWTH ACCELERATION",
      "detail": "YoY growth: +4.5% vs prior quarter YoY: -12.9% (accel: +17.4%)",
      "severity": "HIGH"
    },
    {
      "quarter": "2025-06 (Q2)",
      "signal": "FCF MARGIN EXPANSION",
      "detail": "FCF margin: +69.1% -> +77.0% (+7.8%)",
      "severity": "MEDIUM"
    },
    {
      "quarter": "2025-06 (Q2)",
      "signal": "YoY REVENUE GROWTH DECELERATION",
      "detail": "YoY growth: -12.9% vs prior quarter YoY: +0.4% (decel: -13.4%)",
      "severity": "WARNING"
    },
    {
      "quarter": "2025-03 (Q1)",
      "signal": "FCF MARGIN EXPANSION",
      "detail": "FCF margin: +55.0% -> +69.1% (+14.1%)",
      "severity": "MEDIUM"
    },
    {
      "quarter": "2025-03 (Q1)",
      "signal": "YoY REVENUE GROWTH DECELERATION",
      "detail": "YoY growth: +0.4% vs prior quarter YoY: +25.0% (decel: -24.5%)",
      "severity": "WARNING"
    },
    {
      "quarter": "2024-12 (Q4)",
      "signal": "YoY REVENUE GROWTH ACCELERATION",
      "detail": "YoY growth: +25.0% vs prior quarter YoY: +16.2% (accel: +8.7%)",
      "severity": "MEDIUM"
    },
    {
      "quarter": "2024-12 (Q4)",
      "signal": "INCREMENTAL MARGIN (YoY)",
      "detail": "YoY Incr OPM: +210.3% vs year-ago OPM: +3.3%",
      "severity": "HIGH"
    },
    {
      "quarter": "2024-09 (Q3)",
      "signal": "FCF MARGIN EXPANSION",
      "detail": "FCF margin: +46.7% -> +60.4% (+13.6%)",
      "severity": "MEDIUM"
    },
    {
      "quarter": "2024-09 (Q3)",
      "signal": "YoY REVENUE GROWTH DECELERATION",
      "detail": "YoY growth: +16.2% vs prior quarter YoY: +21.5% (decel: -5.3%)",
      "severity": "WARNING"
    },
    {
      "quarter": "2024-06 (Q2)",
      "signal": "FCF MARGIN EXPANSION",
      "detail": "FCF margin: +37.6% -> +46.7% (+9.1%)",
      "severity": "MEDIUM"
    },
    {
      "quarter": "2024-03 (Q1)",
      "signal": "YoY REVENUE GROWTH ACCELERATION",
      "detail": "YoY growth: +25.2% vs prior quarter YoY: +0.9% (accel: +24.2%)",
      "severity": "HIGH"
    },
    {
      "quarter": "2023-12 (Q4)",
      "signal": "FCF MARGIN EXPANSION",
      "detail": "FCF margin: +41.2% -> +55.7% (+14.5%)",
      "severity": "MEDIUM"
    },
    {
      "quarter": "2023-12 (Q4)",
      "signal": "YoY REVENUE GROWTH ACCELERATION",
      "detail": "YoY growth: +0.9% vs prior quarter YoY: -34.2% (accel: +35.1%)",
      "severity": "HIGH"
    },
    {
      "quarter": "2023-09 (Q3)",
      "signal": "YoY REVENUE GROWTH DECELERATION",
      "detail": "YoY growth: -34.2% vs prior quarter YoY: +36.8% (decel: -71.0%)",
      "severity": "WARNING"
    },
    {
      "quarter": "2023-06 (Q2)",
      "signal": "FCF MARGIN EXPANSION",
      "detail": "FCF margin: +7.0% -> +47.8% (+40.8%)",
      "severity": "MEDIUM"
    },
    {
      "quarter": "2023-06 (Q2)",
      "signal": "YoY REVENUE GROWTH ACCELERATION",
      "detail": "YoY growth: +36.8% vs prior quarter YoY: -15.5% (accel: +52.3%)",
      "severity": "HIGH"
    },
    {
      "quarter": "2023-03 (Q1)",
      "signal": "YoY REVENUE GROWTH ACCELERATION",
      "detail": "YoY growth: -15.5% vs prior quarter YoY: -34.5% (accel: +19.0%)",
      "severity": "HIGH"
    },
    {
      "quarter": "2022-12 (Q4)",
      "signal": "FCF MARGIN EXPANSION",
      "detail": "FCF margin: +12.4% -> +28.8% (+16.4%)",
      "severity": "MEDIUM"
    },
    {
      "quarter": "2022-12 (Q4)",
      "signal": "YoY REVENUE GROWTH DECELERATION",
      "detail": "YoY growth: -34.5% vs prior quarter YoY: +42.4% (decel: -76.9%)",
      "severity": "WARNING"
    },
    {
      "quarter": "2022-09 (Q3)",
      "signal": "FCF TURNED POSITIVE",
      "detail": "FCF margin: -12.3% -> +12.4%",
      "severity": "HIGH"
    },
    {
      "quarter": "2022-09 (Q3)",
      "signal": "YoY REVENUE GROWTH ACCELERATION",
      "detail": "YoY growth: +42.4% vs prior quarter YoY: -68.8% (accel: +111.2%)",
      "severity": "HIGH"
    },
    {
      "quarter": "2022-09 (Q3)",
      "signal": "INCREMENTAL MARGIN (YoY)",
      "detail": "YoY Incr OPM: +101.9% vs year-ago OPM: +27.5%",
      "severity": "HIGH"
    },
    {
      "quarter": "2022-06 (Q2)",
      "signal": "YoY REVENUE GROWTH DECELERATION",
      "detail": "YoY growth: -68.8% vs prior quarter YoY: +18.8% (decel: -87.6%)",
      "severity": "WARNING"
    },
    {
      "quarter": "2022-06 (Q2)",
      "signal": "INCREMENTAL MARGIN (YoY)",
      "detail": "YoY Incr OPM: +97.0% vs year-ago OPM: +74.6%",
      "severity": "HIGH"
    },
    {
      "quarter": "2022-03 (Q1)",
      "signal": "YoY REVENUE GROWTH DECELERATION",
      "detail": "YoY growth: +18.8% vs prior quarter YoY: +37.3% (decel: -18.6%)",
      "severity": "WARNING"
    },
    {
      "quarter": "2022-03 (Q1)",
      "signal": "INCREMENTAL MARGIN (YoY)",
      "detail": "YoY Incr OPM: +123.6% vs year-ago OPM: +33.2%",
      "severity": "HIGH"
    },
    {
      "quarter": "2021-12 (Q4)",
      "signal": "FCF MARGIN EXPANSION",
      "detail": "FCF margin: +37.8% -> +73.7% (+35.9%)",
      "severity": "MEDIUM"
    },
    {
      "quarter": "2021-06 (Q2)",
      "signal": "FCF MARGIN EXPANSION",
      "detail": "FCF margin: +43.2% -> +65.3% (+22.0%)",
      "severity": "MEDIUM"
    }
  ],
  "data_quality": {
    "n_quarters": 20,
    "coverage": {
      "revenue": [
        20,
        20
      ],
      "gross_profit": [
        0,
        20
      ],
      "op_income": [
        15,
        20
      ],
      "fcf": [
        20,
        20
      ]
    },
    "gaps": [],
    "warnings": [
      "gross_profit: no data",
      "op_income: 15/20Q"
    ]
  },
  "market_cap": null,
  "source": "SEC EDGAR",
  "last_updated": "2026-02-02T22:59:19.397907"
}