{
  "ticker": "SWX",
  "name": "Southwest Gas Holdings, Inc.",
  "quarters": [
    {
      "date": "2019-12-31T00:00:00",
      "quarter_label": "2019-12 (Q4)",
      "revenue": 848137000,
      "gross_profit": null,
      "operating_income": null,
      "net_income": null,
      "opex": null,
      "cogs": null,
      "rd": null,
      "sga": null,
      "fcf": null,
      "ocf": null,
      "capex": null,
      "gross_margin": null,
      "op_margin": null,
      "fcf_margin": null
    },
    {
      "date": "2020-03-31T00:00:00",
      "quarter_label": "2020-03 (Q1)",
      "revenue": 836320000,
      "gross_profit": null,
      "operating_income": null,
      "net_income": null,
      "opex": null,
      "cogs": null,
      "rd": null,
      "sga": null,
      "fcf": null,
      "ocf": null,
      "capex": null,
      "gross_margin": null,
      "op_margin": null,
      "fcf_margin": null
    },
    {
      "date": "2020-06-30T00:00:00",
      "quarter_label": "2020-06 (Q2)",
      "revenue": 757247000,
      "gross_profit": null,
      "operating_income": null,
      "net_income": null,
      "opex": null,
      "cogs": null,
      "rd": null,
      "sga": null,
      "fcf": null,
      "ocf": null,
      "capex": null,
      "gross_margin": null,
      "op_margin": null,
      "fcf_margin": null
    },
    {
      "date": "2020-09-30T00:00:00",
      "quarter_label": "2020-09 (Q3)",
      "revenue": 791226000,
      "gross_profit": 288275000,
      "operating_income": null,
      "net_income": null,
      "opex": null,
      "cogs": 502951000,
      "rd": null,
      "sga": null,
      "fcf": null,
      "ocf": null,
      "capex": null,
      "gross_margin": 0.36433964505716443,
      "op_margin": null,
      "fcf_margin": null
    },
    {
      "date": "2020-12-31T00:00:00",
      "quarter_label": "2020-12 (Q4)",
      "revenue": 914080000,
      "gross_profit": 437140000,
      "operating_income": 152795000,
      "net_income": 103544000,
      "opex": 761285000,
      "cogs": 476940000,
      "rd": null,
      "sga": null,
      "fcf": -54369000,
      "ocf": 138262000,
      "capex": -192631000,
      "gross_margin": 0.47822947663224225,
      "op_margin": 0.16715714160686154,
      "fcf_margin": -0.059479476632242255,
      "rev_growth_yoy": 0.07775041060583372
    },
    {
      "date": "2021-03-31T00:00:00",
      "quarter_label": "2021-03 (Q1)",
      "revenue": 885907000,
      "gross_profit": 550293000,
      "operating_income": 173453000,
      "net_income": 117293000,
      "opex": 712454000,
      "cogs": 335614000,
      "rd": null,
      "sga": null,
      "fcf": -205166000,
      "ocf": -52457000,
      "capex": -152709000,
      "gross_margin": 0.6211633952548067,
      "op_margin": 0.19579143183200945,
      "fcf_margin": -0.2315886430516973,
      "rev_growth_yoy": 0.059291897838148075,
      "rev_growth_yoy_accel": -0.018458512767685648,
      "fcf_margin_change": -0.17210916641945503
    },
    {
      "date": "2021-06-30T00:00:00",
      "quarter_label": "2021-06 (Q2)",
      "revenue": 821421000,
      "gross_profit": 342781000,
      "operating_income": 59266000,
      "net_income": 25119000,
      "opex": 762155000,
      "cogs": 478640000,
      "rd": null,
      "sga": null,
      "fcf": -131526000,
      "ocf": 53814000,
      "capex": -185340000,
      "gross_margin": 0.41730245513567343,
      "op_margin": 0.0721505780835893,
      "fcf_margin": -0.16012008458512747,
      "rev_growth_yoy": 0.08474645657229411,
      "rev_growth_yoy_accel": 0.025454558734146038,
      "fcf_margin_change": 0.07146855846656983
    },
    {
      "date": "2021-09-30T00:00:00",
      "quarter_label": "2021-09 (Q3)",
      "revenue": 888696000,
      "gross_profit": 321426000,
      "operating_income": 23300000,
      "net_income": -11576000,
      "opex": 865396000,
      "cogs": 567270000,
      "rd": null,
      "sga": null,
      "fcf": -118524000,
      "ocf": 50164000,
      "capex": -168688000,
      "gross_margin": 0.36168273515352833,
      "op_margin": 0.02621818934708832,
      "fcf_margin": -0.1333684409516865,
      "rev_growth_yoy": 0.12318857064858839,
      "rev_growth_yoy_accel": 0.038442114076294276,
      "op_leverage_ratio": 0.6046151224748552,
      "fcf_margin_change": 0.026751643633440958
    },
    {
      "date": "2021-12-31T00:00:00",
      "quarter_label": "2021-12 (Q4)",
      "revenue": 1084427000,
      "gross_profit": 510484000,
      "operating_income": 113528000,
      "net_income": 69943000,
      "opex": 970899000,
      "cogs": 573943000,
      "rd": null,
      "sga": null,
      "fcf": -149027000,
      "ocf": 59862000,
      "capex": -208889000,
      "gross_margin": 0.4707407690881913,
      "op_margin": 0.10468938895840844,
      "fcf_margin": -0.1374246491465078,
      "incr_op_margin_yoy": -0.23051183760207106,
      "rev_growth_yoy": 0.1863589620164537,
      "rev_growth_yoy_accel": 0.0631703913678653,
      "op_leverage_ratio": 1.8065769464461205,
      "fcf_margin_change": -0.004056208194821276
    },
    {
      "date": "2022-03-31T00:00:00",
      "quarter_label": "2022-03 (Q1)",
      "revenue": 1267409000,
      "gross_profit": 764177000,
      "operating_income": 168494000,
      "net_income": 96178000,
      "opex": 1098915000,
      "cogs": 503232000,
      "rd": null,
      "sga": null,
      "fcf": 23824000,
      "ocf": 186620000,
      "capex": -162796000,
      "gross_margin": 0.6029442745001811,
      "op_margin": 0.13294366696149387,
      "fcf_margin": 0.018797404784091008,
      "incr_op_margin_yoy": -0.012998621239207133,
      "rev_growth_yoy": 0.4306343668127693,
      "rev_growth_yoy_accel": 0.2442754047963156,
      "op_leverage_ratio": 1.2797285201038349,
      "fcf_margin_change": 0.1562220539305988
    },
    {
      "date": "2022-06-30T00:00:00",
      "quarter_label": "2022-06 (Q2)",
      "revenue": 1146120000,
      "gross_profit": 499927000,
      "operating_income": 45660000,
      "net_income": -6575000,
      "opex": 1100460000,
      "cogs": 646193000,
      "rd": null,
      "sga": null,
      "fcf": -128138000,
      "ocf": 76998000,
      "capex": -205136000,
      "gross_margin": 0.4361908002652427,
      "op_margin": 0.03983876033923149,
      "fcf_margin": -0.11180155655603252,
      "incr_op_margin_yoy": -0.04190342440229258,
      "rev_growth_yoy": 0.3952893826673533,
      "rev_growth_yoy_accel": -0.03534498414541598,
      "fcf_margin_change": -0.13059896134012353
    },
    {
      "date": "2022-09-30T00:00:00",
      "quarter_label": "2022-09 (Q3)",
      "revenue": 1125588000,
      "gross_profit": 445453000,
      "operating_income": 49937000,
      "net_income": -12309000,
      "opex": 1075651000,
      "cogs": 680135000,
      "rd": null,
      "sga": null,
      "fcf": -204847000,
      "ocf": 39737000,
      "capex": -244584000,
      "gross_margin": 0.3957513761696109,
      "op_margin": 0.04436525620386855,
      "fcf_margin": -0.1819911015398174,
      "incr_op_margin_yoy": 0.11244364520541006,
      "rev_growth_yoy": 0.2665613438116071,
      "rev_growth_yoy_accel": -0.12872803885574619,
      "fcf_margin_change": -0.07018954498378488
    },
    {
      "date": "2022-12-31T00:00:00",
      "quarter_label": "2022-12 (Q4)",
      "revenue": 1420892000,
      "gross_profit": 721134000,
      "operating_income": -288489000,
      "net_income": -280584000,
      "opex": 1709381000,
      "cogs": 699758000,
      "rd": null,
      "sga": null,
      "fcf": -142800000,
      "ocf": 104105000,
      "capex": -246905000,
      "gross_margin": 0.5075220354537854,
      "op_margin": -0.20303372810882178,
      "fcf_margin": -0.10050024913927308,
      "incr_op_margin_yoy": -1.1948256133624597,
      "rev_growth_yoy": 0.31026984757849074,
      "rev_growth_yoy_accel": 0.04370850376688362,
      "op_leverage_ratio": 0.44530440784241365,
      "fcf_margin_change": 0.08149085240054432
    },
    {
      "date": "2023-03-31T00:00:00",
      "quarter_label": "2023-03 (Q1)",
      "revenue": 1603304000,
      "gross_profit": 999624000,
      "operating_income": 135199000,
      "net_income": 45911000,
      "opex": 1468105000,
      "cogs": 603680000,
      "rd": null,
      "sga": null,
      "fcf": -404866000,
      "ocf": -185742000,
      "capex": -219124000,
      "gross_margin": 0.6234775189234232,
      "op_margin": 0.08432524337243592,
      "fcf_margin": -0.25251979661997975,
      "incr_op_margin_yoy": -0.09912323791661085,
      "rev_growth_yoy": 0.26502494459168274,
      "rev_growth_yoy_accel": -0.045244902986808,
      "op_leverage_ratio": Infinity,
      "fcf_margin_change": -0.15201954748070667
    },
    {
      "date": "2023-06-30T00:00:00",
      "quarter_label": "2023-06 (Q2)",
      "revenue": 1293645000,
      "gross_profit": 577928000,
      "operating_income": 84771000,
      "net_income": 28878000,
      "opex": 1208874000,
      "cogs": 715717000,
      "rd": null,
      "sga": null,
      "fcf": -21683000,
      "ocf": 197928000,
      "capex": -219611000,
      "gross_margin": 0.4467438903253984,
      "op_margin": 0.06552879654000904,
      "fcf_margin": -0.01676116708988942,
      "incr_op_margin_yoy": 0.26511438739196747,
      "rev_growth_yoy": 0.12871688828394934,
      "rev_growth_yoy_accel": -0.1363080563077334,
      "fcf_margin_change": 0.23575862953009033
    },
    {
      "date": "2023-09-30T00:00:00",
      "quarter_label": "2023-09 (Q3)",
      "revenue": 1169492000,
      "gross_profit": 483805000,
      "operating_income": 60231000,
      "net_income": 3231000,
      "opex": 1109261000,
      "cogs": 685687000,
      "rd": null,
      "sga": null,
      "fcf": -39607000,
      "ocf": 186248000,
      "capex": -225855000,
      "gross_margin": 0.4136881654598749,
      "op_margin": 0.051501848665916485,
      "fcf_margin": -0.03386684132939772,
      "incr_op_margin_yoy": 0.23446610787172012,
      "rev_growth_yoy": 0.03900539096010263,
      "rev_growth_yoy_accel": -0.0897114973238467,
      "fcf_margin_change": -0.0171056742395083
    },
    {
      "date": "2023-12-31T00:00:00",
      "quarter_label": "2023-12 (Q4)",
      "revenue": 1367531000,
      "gross_profit": 755213000,
      "operating_income": 138129000,
      "net_income": 72869000,
      "opex": 1229402000,
      "cogs": 612318000,
      "rd": null,
      "sga": null,
      "fcf": 102846000,
      "ocf": 310777000,
      "capex": -207931000,
      "gross_margin": 0.5522456163699397,
      "op_margin": 0.10100611978814374,
      "fcf_margin": 0.07520560777050027,
      "incr_op_margin_yoy": -7.994940124810254,
      "rev_growth_yoy": -0.037554578391601895,
      "rev_growth_yoy_accel": -0.07655996935170453,
      "op_leverage_ratio": 1.563493107199462,
      "fcf_margin_change": 0.109072449099898
    },
    {
      "date": "2024-03-31T00:00:00",
      "quarter_label": "2024-03 (Q1)",
      "revenue": 1580956000,
      "gross_profit": 1065313000,
      "operating_income": 158125000,
      "net_income": 87737000,
      "opex": 1422831000,
      "cogs": 515643000,
      "rd": null,
      "sga": null,
      "fcf": 322511000,
      "ocf": 543709000,
      "capex": -221198000,
      "gross_margin": 0.6738410177133329,
      "op_margin": 0.10001859634297222,
      "fcf_margin": 0.20399745470462177,
      "incr_op_margin_yoy": -1.0258636119563271,
      "rev_growth_yoy": -0.013938716550323582,
      "rev_growth_yoy_accel": 0.023615861841278313,
      "op_leverage_ratio": 0.9919286605639043,
      "fcf_margin_change": 0.1287918469341215
    },
    {
      "date": "2024-06-30T00:00:00",
      "quarter_label": "2024-06 (Q2)",
      "revenue": 1182168000,
      "gross_profit": 577623000,
      "operating_income": 83221000,
      "net_income": 18333000,
      "opex": 1098947000,
      "cogs": 604545000,
      "rd": null,
      "sga": null,
      "fcf": 83272000,
      "ocf": 306576000,
      "capex": -223304000,
      "gross_margin": 0.48861329354203464,
      "op_margin": 0.07039693173897449,
      "fcf_margin": 0.07044007281536972,
      "incr_op_margin_yoy": 0.013904213425190846,
      "rev_growth_yoy": -0.08617279083519822,
      "rev_growth_yoy_accel": -0.07223407428487463,
      "fcf_margin_change": -0.13355738188925204
    },
    {
      "date": "2024-09-30T00:00:00",
      "quarter_label": "2024-09 (Q3)",
      "revenue": 1079184000,
      "gross_profit": 434256000,
      "operating_income": 61484000,
      "net_income": 289000,
      "opex": 1017700000,
      "cogs": 644928000,
      "rd": null,
      "sga": null,
      "fcf": 104833000,
      "ocf": 304051000,
      "capex": -199218000,
      "gross_margin": 0.4023929190944269,
      "op_margin": 0.05697267565123278,
      "fcf_margin": 0.0971409880057525,
      "incr_op_margin_yoy": -0.013874739779421535,
      "rev_growth_yoy": -0.0772198527223786,
      "rev_growth_yoy_accel": 0.008952938112819608,
      "fcf_margin_change": 0.02670091519038277
    }
  ],
  "signals": [
    {
      "quarter": "2024-06 (Q2)",
      "signal": "YoY REVENUE GROWTH DECELERATION",
      "detail": "YoY growth: -8.6% vs prior quarter YoY: -1.4% (decel: -7.2%)",
      "severity": "WARNING"
    },
    {
      "quarter": "2024-03 (Q1)",
      "signal": "FCF MARGIN EXPANSION",
      "detail": "FCF margin: +7.5% -> +20.4% (+12.9%)",
      "severity": "MEDIUM"
    },
    {
      "quarter": "2023-12 (Q4)",
      "signal": "FCF TURNED POSITIVE",
      "detail": "FCF margin: -3.4% -> +7.5%",
      "severity": "HIGH"
    },
    {
      "quarter": "2023-12 (Q4)",
      "signal": "OPERATING LEVERAGE",
      "detail": "Rev growth +16.9% vs OpEx growth +10.8% (leverage: 1.6x)",
      "severity": "MEDIUM"
    },
    {
      "quarter": "2023-12 (Q4)",
      "signal": "GROSS MARGIN INFLECTION",
      "detail": "GM: +44.7% -> +41.4% -> +55.2% (reversal +13.9%)",
      "severity": "HIGH"
    },
    {
      "quarter": "2023-12 (Q4)",
      "signal": "YoY REVENUE GROWTH DECELERATION",
      "detail": "YoY growth: -3.8% vs prior quarter YoY: +3.9% (decel: -7.7%)",
      "severity": "WARNING"
    },
    {
      "quarter": "2023-12 (Q4)",
      "signal": "OP MARGIN TURNED POSITIVE (YoY)",
      "detail": "Op margin: -20.3% (year-ago) -> +10.1%",
      "severity": "HIGH"
    },
    {
      "quarter": "2023-09 (Q3)",
      "signal": "YoY REVENUE GROWTH DECELERATION",
      "detail": "YoY growth: +3.9% vs prior quarter YoY: +12.9% (decel: -9.0%)",
      "severity": "WARNING"
    },
    {
      "quarter": "2023-09 (Q3)",
      "signal": "INCREMENTAL MARGIN (YoY)",
      "detail": "YoY Incr OPM: +23.4% vs year-ago OPM: +4.4%",
      "severity": "MEDIUM"
    },
    {
      "quarter": "2023-06 (Q2)",
      "signal": "FCF MARGIN EXPANSION",
      "detail": "FCF margin: -25.3% -> -1.7% (+23.6%)",
      "severity": "MEDIUM"
    },
    {
      "quarter": "2023-06 (Q2)",
      "signal": "YoY REVENUE GROWTH DECELERATION",
      "detail": "YoY growth: +12.9% vs prior quarter YoY: +26.5% (decel: -13.6%)",
      "severity": "WARNING"
    },
    {
      "quarter": "2023-06 (Q2)",
      "signal": "INCREMENTAL MARGIN (YoY)",
      "detail": "YoY Incr OPM: +26.5% vs year-ago OPM: +4.0%",
      "severity": "HIGH"
    },
    {
      "quarter": "2023-03 (Q1)",
      "signal": "OP MARGIN TURNED POSITIVE (QoQ)",
      "detail": "Op margin: -20.3% -> +8.4%",
      "severity": "HIGH"
    },
    {
      "quarter": "2022-12 (Q4)",
      "signal": "FCF MARGIN EXPANSION",
      "detail": "FCF margin: -18.2% -> -10.1% (+8.1%)",
      "severity": "MEDIUM"
    },
    {
      "quarter": "2022-12 (Q4)",
      "signal": "GROSS MARGIN INFLECTION",
      "detail": "GM: +43.6% -> +39.6% -> +50.8% (reversal +11.2%)",
      "severity": "HIGH"
    },
    {
      "quarter": "2022-09 (Q3)",
      "signal": "YoY REVENUE GROWTH DECELERATION",
      "detail": "YoY growth: +26.7% vs prior quarter YoY: +39.5% (decel: -12.9%)",
      "severity": "WARNING"
    },
    {
      "quarter": "2022-03 (Q1)",
      "signal": "FCF TURNED POSITIVE",
      "detail": "FCF margin: -13.7% -> +1.9%",
      "severity": "HIGH"
    },
    {
      "quarter": "2022-03 (Q1)",
      "signal": "YoY REVENUE GROWTH ACCELERATION",
      "detail": "YoY growth: +43.1% vs prior quarter YoY: +18.6% (accel: +24.4%)",
      "severity": "HIGH"
    },
    {
      "quarter": "2021-12 (Q4)",
      "signal": "OPERATING LEVERAGE",
      "detail": "Rev growth +22.0% vs OpEx growth +12.2% (leverage: 1.8x)",
      "severity": "MEDIUM"
    },
    {
      "quarter": "2021-12 (Q4)",
      "signal": "GROSS MARGIN INFLECTION",
      "detail": "GM: +41.7% -> +36.2% -> +47.1% (reversal +10.9%)",
      "severity": "HIGH"
    },
    {
      "quarter": "2021-12 (Q4)",
      "signal": "YoY REVENUE GROWTH ACCELERATION",
      "detail": "YoY growth: +18.6% vs prior quarter YoY: +12.3% (accel: +6.3%)",
      "severity": "MEDIUM"
    },
    {
      "quarter": "2021-06 (Q2)",
      "signal": "FCF MARGIN EXPANSION",
      "detail": "FCF margin: -23.2% -> -16.0% (+7.1%)",
      "severity": "MEDIUM"
    }
  ],
  "data_quality": {
    "n_quarters": 20,
    "coverage": {
      "revenue": [
        20,
        20
      ],
      "gross_profit": [
        17,
        20
      ],
      "op_income": [
        16,
        20
      ],
      "fcf": [
        16,
        20
      ]
    },
    "gaps": [],
    "warnings": []
  },
  "market_cap": null,
  "source": "SEC EDGAR",
  "last_updated": "2026-02-02T20:56:16.142788"
}