{
  "ticker": "SXC",
  "name": "SunCoke Energy, Inc.",
  "quarters": [
    {
      "date": "2020-12-31T00:00:00",
      "quarter_label": "2020-12 (Q4)",
      "revenue": 310100000,
      "gross_profit": null,
      "operating_income": 4800000,
      "net_income": -5000000,
      "opex": 305300000,
      "cogs": null,
      "rd": null,
      "sga": 30300000,
      "fcf": 14200000,
      "ocf": 34700000,
      "capex": -20500000,
      "gross_margin": null,
      "op_margin": 0.015478877781360851,
      "fcf_margin": 0.04579168010319252
    },
    {
      "date": "2021-03-31T00:00:00",
      "quarter_label": "2021-03 (Q1)",
      "revenue": 359900000,
      "gross_profit": null,
      "operating_income": 38200000,
      "net_income": 16500000,
      "opex": 321700000,
      "cogs": null,
      "rd": null,
      "sga": 15300000,
      "fcf": 44700000,
      "ocf": 64800000,
      "capex": -20100000,
      "gross_margin": null,
      "op_margin": 0.10614059460961378,
      "fcf_margin": 0.12420116699083078,
      "op_leverage_ratio": 2.989582432102941,
      "fcf_margin_change": 0.07840948688763827
    },
    {
      "date": "2021-06-30T00:00:00",
      "quarter_label": "2021-06 (Q2)",
      "revenue": 364300000,
      "gross_profit": null,
      "operating_income": 33900000,
      "net_income": -8800000,
      "opex": 330400000,
      "cogs": null,
      "rd": null,
      "sga": 17700000,
      "fcf": 26200000,
      "ocf": 39800000,
      "capex": -13600000,
      "gross_margin": null,
      "op_margin": 0.09305517430688992,
      "fcf_margin": 0.07191874828438101,
      "op_leverage_ratio": 0.45206682571467816,
      "fcf_margin_change": -0.05228241870644977
    },
    {
      "date": "2021-09-30T00:00:00",
      "quarter_label": "2021-09 (Q3)",
      "revenue": 366500000,
      "gross_profit": null,
      "operating_income": 41400000,
      "net_income": 23000000,
      "opex": 325100000,
      "cogs": null,
      "rd": null,
      "sga": 15300000,
      "fcf": 61000000,
      "ocf": 79400000,
      "capex": -18400000,
      "gross_margin": null,
      "op_margin": 0.11296043656207368,
      "fcf_margin": 0.1664392905866303,
      "fcf_margin_change": 0.09452054230224928
    },
    {
      "date": "2021-12-31T00:00:00",
      "quarter_label": "2021-12 (Q4)",
      "revenue": 365300000,
      "gross_profit": null,
      "operating_income": 28000000,
      "net_income": 12700000,
      "opex": 337300000,
      "cogs": null,
      "rd": null,
      "sga": 13500000,
      "fcf": 2600000,
      "ocf": 49100000,
      "capex": -46500000,
      "gross_margin": null,
      "op_margin": 0.07664932931836846,
      "fcf_margin": 0.0071174377224199285,
      "incr_op_margin_yoy": 0.42028985507246375,
      "rev_growth_yoy": 0.1780070944856498,
      "fcf_margin_change": -0.15932185286421036
    },
    {
      "date": "2022-03-31T00:00:00",
      "quarter_label": "2022-03 (Q1)",
      "revenue": 439800000,
      "gross_profit": null,
      "operating_income": 48600000,
      "net_income": 29500000,
      "opex": 391200000,
      "cogs": null,
      "rd": null,
      "sga": 18000000,
      "fcf": 9800000,
      "ocf": 22700000,
      "capex": -12900000,
      "gross_margin": null,
      "op_margin": 0.11050477489768076,
      "fcf_margin": 0.022282855843565257,
      "incr_op_margin_yoy": 0.13016270337922403,
      "rev_growth_yoy": 0.22200611280911364,
      "rev_growth_yoy_accel": 0.04399901832346384,
      "op_leverage_ratio": 1.2762453611462254,
      "fcf_margin_change": 0.015165418121145328
    },
    {
      "date": "2022-06-30T00:00:00",
      "quarter_label": "2022-06 (Q2)",
      "revenue": 501900000,
      "gross_profit": null,
      "operating_income": 34500000,
      "net_income": 18000000,
      "opex": 467400000,
      "cogs": null,
      "rd": null,
      "sga": 19800000,
      "fcf": 22400000,
      "ocf": 43500000,
      "capex": -21100000,
      "gross_margin": null,
      "op_margin": 0.06873879258816497,
      "fcf_margin": 0.044630404463040445,
      "incr_op_margin_yoy": 0.00436046511627907,
      "rev_growth_yoy": 0.377710678012627,
      "rev_growth_yoy_accel": 0.15570456520351333,
      "op_leverage_ratio": 0.7249035889613388,
      "fcf_margin_change": 0.022347548619475188
    },
    {
      "date": "2022-09-30T00:00:00",
      "quarter_label": "2022-09 (Q3)",
      "revenue": 516800000,
      "gross_profit": null,
      "operating_income": 47600000,
      "net_income": 41400000,
      "opex": 469200000,
      "cogs": null,
      "rd": null,
      "sga": 20100000,
      "fcf": 32700000,
      "ocf": 54400000,
      "capex": -21700000,
      "gross_margin": null,
      "op_margin": 0.09210526315789473,
      "fcf_margin": 0.06327399380804953,
      "incr_op_margin_yoy": 0.04125083166999335,
      "rev_growth_yoy": 0.4100954979536153,
      "rev_growth_yoy_accel": 0.032384819940988296,
      "op_leverage_ratio": 7.7087733280201896,
      "fcf_margin_change": 0.018643589345009086
    },
    {
      "date": "2022-12-31T00:00:00",
      "quarter_label": "2022-12 (Q4)",
      "revenue": 514000000,
      "gross_profit": null,
      "operating_income": 23000000,
      "net_income": 11800000,
      "opex": 491000000,
      "cogs": null,
      "rd": null,
      "sga": 13500000,
      "fcf": 68500000,
      "ocf": 88300000,
      "capex": -19800000,
      "gross_margin": null,
      "op_margin": 0.04474708171206226,
      "fcf_margin": 0.13326848249027237,
      "incr_op_margin_yoy": -0.03362474781439139,
      "rev_growth_yoy": 0.40706268820147823,
      "rev_growth_yoy_accel": -0.0030328097521370445,
      "fcf_margin_change": 0.06999448868222284
    },
    {
      "date": "2023-03-31T00:00:00",
      "quarter_label": "2023-03 (Q1)",
      "revenue": 487800000,
      "gross_profit": null,
      "operating_income": 31700000,
      "net_income": 16300000,
      "opex": 456100000,
      "cogs": null,
      "rd": null,
      "sga": 18800000,
      "fcf": 7600000,
      "ocf": 30200000,
      "capex": -22600000,
      "gross_margin": null,
      "op_margin": 0.06498564985649856,
      "fcf_margin": 0.015580155801558016,
      "incr_op_margin_yoy": -0.35208333333333336,
      "rev_growth_yoy": 0.10914051841746249,
      "rev_growth_yoy_accel": -0.29792216978401576,
      "fcf_margin_change": -0.11768832668871436
    },
    {
      "date": "2023-06-30T00:00:00",
      "quarter_label": "2023-06 (Q2)",
      "revenue": 534400000,
      "gross_profit": null,
      "operating_income": 37500000,
      "net_income": 20400000,
      "opex": 496900000,
      "cogs": null,
      "rd": null,
      "sga": 17400000,
      "fcf": 40900000,
      "ocf": 68700000,
      "capex": -27800000,
      "gross_margin": null,
      "op_margin": 0.07017215568862276,
      "fcf_margin": 0.07653443113772455,
      "incr_op_margin_yoy": 0.09230769230769231,
      "rev_growth_yoy": 0.06475393504682207,
      "rev_growth_yoy_accel": -0.044386583370640414,
      "op_leverage_ratio": 1.0679330567815482,
      "fcf_margin_change": 0.06095427533616654
    },
    {
      "date": "2023-09-30T00:00:00",
      "quarter_label": "2023-09 (Q3)",
      "revenue": 520400000,
      "gross_profit": null,
      "operating_income": 29700000,
      "net_income": 7000000,
      "opex": 490700000,
      "cogs": null,
      "rd": null,
      "sga": 19100000,
      "fcf": 59600000,
      "ocf": 93700000,
      "capex": -34100000,
      "gross_margin": null,
      "op_margin": 0.057071483474250576,
      "fcf_margin": 0.11452728670253651,
      "incr_op_margin_yoy": -4.972222222222222,
      "rev_growth_yoy": 0.00696594427244582,
      "rev_growth_yoy_accel": -0.057787990774376255,
      "fcf_margin_change": 0.03799285556481195
    },
    {
      "date": "2023-12-31T00:00:00",
      "quarter_label": "2023-12 (Q4)",
      "revenue": 520600000,
      "gross_profit": null,
      "operating_income": 26200000,
      "net_income": 13800000,
      "opex": 494400000,
      "cogs": null,
      "rd": null,
      "sga": 15400000,
      "fcf": 31700000,
      "ocf": 56400000,
      "capex": -24700000,
      "gross_margin": null,
      "op_margin": 0.050326546292739145,
      "fcf_margin": 0.06089127929312332,
      "incr_op_margin_yoy": 0.48484848484848486,
      "rev_growth_yoy": 0.012840466926070038,
      "rev_growth_yoy_accel": 0.005874522653624218,
      "fcf_margin_change": -0.05363600740941319
    },
    {
      "date": "2024-03-31T00:00:00",
      "quarter_label": "2024-03 (Q1)",
      "revenue": 488400000,
      "gross_profit": null,
      "operating_income": 34500000,
      "net_income": 20000000,
      "opex": 453900000,
      "cogs": null,
      "rd": null,
      "sga": 18400000,
      "fcf": -5500000,
      "ocf": 10000000,
      "capex": -15500000,
      "gross_margin": null,
      "op_margin": 0.07063882063882064,
      "fcf_margin": -0.01126126126126126,
      "rev_growth_yoy": 0.0012300123001230013,
      "rev_growth_yoy_accel": -0.011610454625947036,
      "fcf_margin_change": -0.07215254055438458
    },
    {
      "date": "2024-06-30T00:00:00",
      "quarter_label": "2024-06 (Q2)",
      "revenue": 470900000,
      "gross_profit": null,
      "operating_income": 34700000,
      "net_income": 21500000,
      "opex": 436200000,
      "cogs": null,
      "rd": null,
      "sga": 17800000,
      "fcf": -26800000,
      "ocf": -9300000,
      "capex": -17500000,
      "gross_margin": null,
      "op_margin": 0.07368868124867275,
      "fcf_margin": -0.05691229560416224,
      "incr_op_margin_yoy": 0.04409448818897638,
      "rev_growth_yoy": -0.1188248502994012,
      "rev_growth_yoy_accel": -0.12005486259952419,
      "fcf_margin_change": -0.04565103434290098
    },
    {
      "date": "2024-09-30T00:00:00",
      "quarter_label": "2024-09 (Q3)",
      "revenue": 490100000,
      "gross_profit": null,
      "operating_income": 47200000,
      "net_income": 30700000,
      "opex": 442900000,
      "cogs": null,
      "rd": null,
      "sga": 9600000,
      "fcf": 92100000,
      "ocf": 107200000,
      "capex": -15100000,
      "gross_margin": null,
      "op_margin": 0.09630687614772496,
      "fcf_margin": 0.1879208324831667,
      "incr_op_margin_yoy": -0.5775577557755776,
      "rev_growth_yoy": -0.05822444273635665,
      "rev_growth_yoy_accel": 0.060600407563044544,
      "op_leverage_ratio": 2.654504077615744,
      "fcf_margin_change": 0.24483312808732896
    },
    {
      "date": "2024-12-31T00:00:00",
      "quarter_label": "2024-12 (Q4)",
      "revenue": 486000000,
      "gross_profit": null,
      "operating_income": 35500000,
      "net_income": 23700000,
      "opex": 450500000,
      "cogs": null,
      "rd": null,
      "sga": 15400000,
      "fcf": 36100000,
      "ocf": 60900000,
      "capex": -24800000,
      "gross_margin": null,
      "op_margin": 0.07304526748971193,
      "fcf_margin": 0.0742798353909465,
      "incr_op_margin_yoy": -0.26878612716763006,
      "rev_growth_yoy": -0.06646177487514407,
      "rev_growth_yoy_accel": -0.008237332138787419,
      "fcf_margin_change": -0.11364099709222021
    },
    {
      "date": "2025-03-31T00:00:00",
      "quarter_label": "2025-03 (Q1)",
      "revenue": 436000000,
      "gross_profit": null,
      "operating_income": 30200000,
      "net_income": 17300000,
      "opex": 405800000,
      "cogs": null,
      "rd": null,
      "sga": 14700000,
      "fcf": 20900000,
      "ocf": 25800000,
      "capex": -4900000,
      "gross_margin": null,
      "op_margin": 0.06926605504587156,
      "fcf_margin": 0.047935779816513764,
      "incr_op_margin_yoy": 0.08206106870229007,
      "rev_growth_yoy": -0.10728910728910729,
      "rev_growth_yoy_accel": -0.04082733241396322,
      "fcf_margin_change": -0.026344055574432736
    },
    {
      "date": "2025-06-30T00:00:00",
      "quarter_label": "2025-06 (Q2)",
      "revenue": 434100000,
      "gross_profit": null,
      "operating_income": 9800000,
      "net_income": 1900000,
      "opex": 424300000,
      "cogs": null,
      "rd": null,
      "sga": 20600000,
      "fcf": 4900000,
      "ocf": 17500000,
      "capex": -12600000,
      "gross_margin": null,
      "op_margin": 0.022575443446210552,
      "fcf_margin": 0.011287721723105276,
      "incr_op_margin_yoy": 0.6766304347826086,
      "rev_growth_yoy": -0.07814822679974517,
      "rev_growth_yoy_accel": 0.029140880489362114,
      "fcf_margin_change": -0.036648058093408487
    },
    {
      "date": "2025-09-30T00:00:00",
      "quarter_label": "2025-09 (Q3)",
      "revenue": 487000000,
      "gross_profit": null,
      "operating_income": 13400000,
      "net_income": 22200000,
      "opex": 473600000,
      "cogs": null,
      "rd": null,
      "sga": 28300000,
      "fcf": -16300000,
      "ocf": 9200000,
      "capex": -25500000,
      "gross_margin": null,
      "op_margin": 0.02751540041067762,
      "fcf_margin": -0.03347022587268994,
      "incr_op_margin_yoy": 10.903225806451612,
      "rev_growth_yoy": -0.00632523974699041,
      "rev_growth_yoy_accel": 0.07182298705275476,
      "op_leverage_ratio": 1.0487983578437212,
      "fcf_margin_change": -0.04475794759579522
    }
  ],
  "signals": [
    {
      "quarter": "2025-09 (Q3)",
      "signal": "YoY REVENUE GROWTH ACCELERATION",
      "detail": "YoY growth: -0.6% vs prior quarter YoY: -7.8% (accel: +7.2%)",
      "severity": "MEDIUM"
    },
    {
      "quarter": "2025-09 (Q3)",
      "signal": "INCREMENTAL MARGIN (YoY)",
      "detail": "YoY Incr OPM: +1090.3% vs year-ago OPM: +9.6%",
      "severity": "HIGH"
    },
    {
      "quarter": "2025-06 (Q2)",
      "signal": "INCREMENTAL MARGIN (YoY)",
      "detail": "YoY Incr OPM: +67.7% vs year-ago OPM: +7.4%",
      "severity": "HIGH"
    },
    {
      "quarter": "2024-09 (Q3)",
      "signal": "FCF TURNED POSITIVE",
      "detail": "FCF margin: -5.7% -> +18.8%",
      "severity": "HIGH"
    },
    {
      "quarter": "2024-09 (Q3)",
      "signal": "OPERATING LEVERAGE",
      "detail": "Rev growth +4.1% vs OpEx growth +1.5% (leverage: 2.7x)",
      "severity": "MEDIUM"
    },
    {
      "quarter": "2024-09 (Q3)",
      "signal": "YoY REVENUE GROWTH ACCELERATION",
      "detail": "YoY growth: -5.8% vs prior quarter YoY: -11.9% (accel: +6.1%)",
      "severity": "MEDIUM"
    },
    {
      "quarter": "2024-06 (Q2)",
      "signal": "YoY REVENUE GROWTH DECELERATION",
      "detail": "YoY growth: -11.9% vs prior quarter YoY: +0.1% (decel: -12.0%)",
      "severity": "WARNING"
    },
    {
      "quarter": "2023-12 (Q4)",
      "signal": "INCREMENTAL MARGIN (YoY)",
      "detail": "YoY Incr OPM: +48.5% vs year-ago OPM: +4.5%",
      "severity": "HIGH"
    },
    {
      "quarter": "2023-09 (Q3)",
      "signal": "YoY REVENUE GROWTH DECELERATION",
      "detail": "YoY growth: +0.7% vs prior quarter YoY: +6.5% (decel: -5.8%)",
      "severity": "WARNING"
    },
    {
      "quarter": "2023-06 (Q2)",
      "signal": "FCF MARGIN EXPANSION",
      "detail": "FCF margin: +1.6% -> +7.7% (+6.1%)",
      "severity": "MEDIUM"
    },
    {
      "quarter": "2023-03 (Q1)",
      "signal": "YoY REVENUE GROWTH DECELERATION",
      "detail": "YoY growth: +10.9% vs prior quarter YoY: +40.7% (decel: -29.8%)",
      "severity": "WARNING"
    },
    {
      "quarter": "2022-12 (Q4)",
      "signal": "FCF MARGIN EXPANSION",
      "detail": "FCF margin: +6.3% -> +13.3% (+7.0%)",
      "severity": "MEDIUM"
    },
    {
      "quarter": "2022-09 (Q3)",
      "signal": "OPERATING LEVERAGE",
      "detail": "Rev growth +3.0% vs OpEx growth +0.4% (leverage: 7.7x)",
      "severity": "MEDIUM"
    },
    {
      "quarter": "2022-06 (Q2)",
      "signal": "YoY REVENUE GROWTH ACCELERATION",
      "detail": "YoY growth: +37.8% vs prior quarter YoY: +22.2% (accel: +15.6%)",
      "severity": "HIGH"
    },
    {
      "quarter": "2021-12 (Q4)",
      "signal": "INCREMENTAL MARGIN (YoY)",
      "detail": "YoY Incr OPM: +42.0% vs year-ago OPM: +1.5%",
      "severity": "HIGH"
    },
    {
      "quarter": "2021-09 (Q3)",
      "signal": "FCF MARGIN EXPANSION",
      "detail": "FCF margin: +7.2% -> +16.6% (+9.5%)",
      "severity": "MEDIUM"
    },
    {
      "quarter": "2021-03 (Q1)",
      "signal": "FCF MARGIN EXPANSION",
      "detail": "FCF margin: +4.6% -> +12.4% (+7.8%)",
      "severity": "MEDIUM"
    },
    {
      "quarter": "2021-03 (Q1)",
      "signal": "OPERATING LEVERAGE",
      "detail": "Rev growth +16.1% vs OpEx growth +5.4% (leverage: 3.0x)",
      "severity": "MEDIUM"
    }
  ],
  "data_quality": {
    "n_quarters": 20,
    "coverage": {
      "revenue": [
        20,
        20
      ],
      "gross_profit": [
        0,
        20
      ],
      "op_income": [
        20,
        20
      ],
      "fcf": [
        20,
        20
      ]
    },
    "gaps": [],
    "warnings": [
      "gross_profit: no data"
    ]
  },
  "market_cap": null,
  "source": "SEC EDGAR",
  "last_updated": "2026-02-02T22:14:03.741117"
}