{
  "ticker": "SXI",
  "name": "STANDEX INTERNATIONAL CORP/DE/",
  "quarters": [
    {
      "date": "2021-03-31T00:00:00",
      "quarter_label": "2021-03 (Q1)",
      "revenue": 172216000,
      "gross_profit": 62700000,
      "operating_income": 5650000,
      "net_income": 1427000,
      "opex": 57050000,
      "cogs": 109516000,
      "rd": null,
      "sga": 41689000,
      "fcf": 17801000,
      "ocf": 17801000,
      "capex": null,
      "gross_margin": 0.3640776699029126,
      "op_margin": 0.032807636921075856,
      "fcf_margin": 0.10336437961629581
    },
    {
      "date": "2021-06-30T00:00:00",
      "quarter_label": "2021-06 (Q2)",
      "revenue": 176435000,
      "gross_profit": 65808000,
      "operating_income": 22422000,
      "net_income": 13949000,
      "opex": 43386000,
      "cogs": 110627000,
      "rd": null,
      "sga": 42305000,
      "fcf": 32019000,
      "ocf": 32019000,
      "capex": null,
      "gross_margin": 0.372987219089183,
      "op_margin": 0.1270836285317539,
      "fcf_margin": 0.18147759798225976,
      "op_leverage_ratio": null,
      "fcf_margin_change": 0.07811321836596395
    },
    {
      "date": "2021-09-30T00:00:00",
      "quarter_label": "2021-09 (Q3)",
      "revenue": 175610000,
      "gross_profit": 66237000,
      "operating_income": 22828000,
      "net_income": 15818000,
      "opex": 43409000,
      "cogs": 109373000,
      "rd": null,
      "sga": 42752000,
      "fcf": 13071000,
      "ocf": 13071000,
      "capex": null,
      "gross_margin": 0.3771823928022322,
      "op_margin": 0.12999259723250384,
      "fcf_margin": 0.0744319799555834,
      "fcf_margin_change": -0.10704561802667636
    },
    {
      "date": "2021-12-31T00:00:00",
      "quarter_label": "2021-12 (Q4)",
      "revenue": 185709000,
      "gross_profit": 68772000,
      "operating_income": 21773000,
      "net_income": 14984000,
      "opex": 46999000,
      "cogs": 116937000,
      "rd": null,
      "sga": 43531000,
      "fcf": 23264000,
      "ocf": 23264000,
      "capex": null,
      "gross_margin": 0.3703213091449526,
      "op_margin": 0.11724256767307993,
      "fcf_margin": 0.12527125772041203,
      "op_leverage_ratio": 0.6953676171194114,
      "fcf_margin_change": 0.05083927776482863
    },
    {
      "date": "2022-03-31T00:00:00",
      "quarter_label": "2022-03 (Q1)",
      "revenue": 189281000,
      "gross_profit": 68381000,
      "operating_income": 24470000,
      "net_income": 17322000,
      "opex": 43911000,
      "cogs": 120900000,
      "rd": null,
      "sga": 42306000,
      "fcf": 11918000,
      "ocf": 11918000,
      "capex": null,
      "gross_margin": 0.36126711080351437,
      "op_margin": 0.12927869146929696,
      "fcf_margin": 0.0629645870425452,
      "incr_op_margin_yoy": 1.1028420744213303,
      "rev_growth_yoy": 0.09909067682445301,
      "op_leverage_ratio": null,
      "fcf_margin_change": -0.06230667067786683
    },
    {
      "date": "2022-06-30T00:00:00",
      "quarter_label": "2022-06 (Q2)",
      "revenue": 184739000,
      "gross_profit": 66556000,
      "operating_income": 19223000,
      "net_income": 13269000,
      "opex": 47333000,
      "cogs": 118183000,
      "rd": null,
      "sga": 41301000,
      "fcf": 29463000,
      "ocf": 29463000,
      "capex": null,
      "gross_margin": 0.36027043558750454,
      "op_margin": 0.10405490989991285,
      "fcf_margin": 0.1594844618624113,
      "incr_op_margin_yoy": -0.3852360308285164,
      "rev_growth_yoy": 0.04706549154079406,
      "rev_growth_yoy_accel": -0.052025185283658945,
      "fcf_margin_change": 0.0965198748198661
    },
    {
      "date": "2022-09-30T00:00:00",
      "quarter_label": "2022-09 (Q3)",
      "revenue": 180600000,
      "gross_profit": 68253000,
      "operating_income": 26290000,
      "net_income": 18270000,
      "opex": 41963000,
      "cogs": 112347000,
      "rd": null,
      "sga": 41089000,
      "fcf": -2703000,
      "ocf": -2703000,
      "capex": null,
      "gross_margin": 0.3779235880398671,
      "op_margin": 0.1455703211517165,
      "fcf_margin": -0.014966777408637874,
      "incr_op_margin_yoy": 0.6937875751503007,
      "rev_growth_yoy": 0.028415238312169012,
      "rev_growth_yoy_accel": -0.01865025322862505,
      "fcf_margin_change": -0.17445123927104916
    },
    {
      "date": "2022-12-31T00:00:00",
      "quarter_label": "2022-12 (Q4)",
      "revenue": 187789000,
      "gross_profit": 72320000,
      "operating_income": 27806000,
      "net_income": 20043000,
      "opex": 44514000,
      "cogs": 115469000,
      "rd": null,
      "sga": 43713000,
      "fcf": 29743000,
      "ocf": 29743000,
      "capex": null,
      "gross_margin": 0.3851130790408384,
      "op_margin": 0.14807044076064094,
      "fcf_margin": 0.15838520893130056,
      "incr_op_margin_yoy": 2.9004807692307693,
      "rev_growth_yoy": 0.01120031877830369,
      "rev_growth_yoy_accel": -0.017214919533865322,
      "op_leverage_ratio": 0.654797191555827,
      "fcf_margin_change": 0.17335198633993842
    },
    {
      "date": "2023-03-31T00:00:00",
      "quarter_label": "2023-03 (Q1)",
      "revenue": 184332000,
      "gross_profit": 70897000,
      "operating_income": 88517000,
      "net_income": 80510000,
      "opex": -17620000,
      "cogs": 113435000,
      "rd": null,
      "sga": 42954000,
      "fcf": 23278000,
      "ocf": 23278000,
      "capex": null,
      "gross_margin": 0.3846158019226179,
      "op_margin": 0.48020419677538356,
      "fcf_margin": 0.1262830110886878,
      "incr_op_margin_yoy": -12.941402303495655,
      "rev_growth_yoy": -0.026146311568514536,
      "rev_growth_yoy_accel": -0.037346630346818226,
      "fcf_margin_change": -0.032102197842612756
    },
    {
      "date": "2023-06-30T00:00:00",
      "quarter_label": "2023-06 (Q2)",
      "revenue": 188327000,
      "gross_profit": 73626000,
      "operating_income": 28476000,
      "net_income": 20169000,
      "opex": 45150000,
      "cogs": 114701000,
      "rd": null,
      "sga": 44579000,
      "fcf": 40483000,
      "ocf": 40483000,
      "capex": null,
      "gross_margin": 0.3909476601868027,
      "op_margin": 0.15120508477276226,
      "fcf_margin": 0.21496121108497454,
      "incr_op_margin_yoy": 2.5788740245261983,
      "rev_growth_yoy": 0.019421995355609806,
      "rev_growth_yoy_accel": 0.04556830692412434,
      "op_leverage_ratio": null,
      "fcf_margin_change": 0.08867819999628673
    },
    {
      "date": "2023-09-30T00:00:00",
      "quarter_label": "2023-09 (Q3)",
      "revenue": 184774000,
      "gross_profit": 72635000,
      "operating_income": 26917000,
      "net_income": 18814000,
      "opex": 45718000,
      "cogs": 112139000,
      "rd": null,
      "sga": 43585000,
      "fcf": 16180000,
      "ocf": 16180000,
      "capex": null,
      "gross_margin": 0.39310184333293646,
      "op_margin": 0.14567525734140085,
      "fcf_margin": 0.08756643250673796,
      "incr_op_margin_yoy": 0.15021562050790607,
      "rev_growth_yoy": 0.02311184939091916,
      "rev_growth_yoy_accel": 0.003689854035309352,
      "fcf_margin_change": -0.12739477857823658
    },
    {
      "date": "2023-12-31T00:00:00",
      "quarter_label": "2023-12 (Q4)",
      "revenue": 178400000,
      "gross_profit": 71663000,
      "operating_income": 25832000,
      "net_income": 18871000,
      "opex": 45831000,
      "cogs": 106737000,
      "rd": null,
      "sga": 43276000,
      "fcf": 23565000,
      "ocf": 23565000,
      "capex": null,
      "gross_margin": 0.40169843049327353,
      "op_margin": 0.14479820627802692,
      "fcf_margin": 0.1320908071748879,
      "incr_op_margin_yoy": 0.2102460325913303,
      "rev_growth_yoy": -0.04999760369350707,
      "rev_growth_yoy_accel": -0.07310945308442623,
      "fcf_margin_change": 0.04452437466814993
    },
    {
      "date": "2024-03-31T00:00:00",
      "quarter_label": "2024-03 (Q1)",
      "revenue": 177267000,
      "gross_profit": 68290000,
      "operating_income": 21842000,
      "net_income": 15798000,
      "opex": 46448000,
      "cogs": 108977000,
      "rd": 15500000,
      "sga": 41764000,
      "fcf": 24367000,
      "ocf": 24367000,
      "capex": null,
      "gross_margin": 0.3852380871792268,
      "op_margin": 0.12321526285208188,
      "fcf_margin": 0.13745931278805418,
      "incr_op_margin_yoy": 9.437367303609342,
      "rev_growth_yoy": -0.038327582839658876,
      "rev_growth_yoy_accel": 0.011670020853848197,
      "fcf_margin_change": 0.005368505613166291
    },
    {
      "date": "2024-06-30T00:00:00",
      "quarter_label": "2024-06 (Q2)",
      "revenue": 180194000,
      "gross_profit": 69413000,
      "operating_income": 27147000,
      "net_income": 19591000,
      "opex": 42266000,
      "cogs": 110781000,
      "rd": null,
      "sga": 40974000,
      "fcf": 28544000,
      "ocf": 28544000,
      "capex": null,
      "gross_margin": 0.38521260419325837,
      "op_margin": 0.15065429481558765,
      "fcf_margin": 0.15840705017925125,
      "incr_op_margin_yoy": 0.1634083364072298,
      "rev_growth_yoy": -0.043185523052987625,
      "rev_growth_yoy_accel": -0.004857940213328749,
      "op_leverage_ratio": null,
      "fcf_margin_change": 0.02094773739119707
    },
    {
      "date": "2024-09-30T00:00:00",
      "quarter_label": "2024-09 (Q3)",
      "revenue": 170464000,
      "gross_profit": 70073000,
      "operating_income": 24099000,
      "net_income": 18197000,
      "opex": 45974000,
      "cogs": 100391000,
      "rd": null,
      "sga": 43048000,
      "fcf": 17573000,
      "ocf": 17573000,
      "capex": null,
      "gross_margin": 0.41107213253238223,
      "op_margin": 0.14137295851323448,
      "fcf_margin": 0.10308921531819035,
      "incr_op_margin_yoy": 0.19692522711390636,
      "rev_growth_yoy": -0.07744596101183067,
      "rev_growth_yoy_accel": -0.034260437958843044,
      "fcf_margin_change": -0.0553178348610609
    },
    {
      "date": "2024-12-31T00:00:00",
      "quarter_label": "2024-12 (Q4)",
      "revenue": 189814000,
      "gross_profit": 71447000,
      "operating_income": 8463000,
      "net_income": 857000,
      "opex": 62984000,
      "cogs": 118367000,
      "rd": null,
      "sga": 45664000,
      "fcf": 9058000,
      "ocf": 9058000,
      "capex": null,
      "gross_margin": 0.37640532310577723,
      "op_margin": 0.044585752368107724,
      "fcf_margin": 0.047720399970497436,
      "incr_op_margin_yoy": -1.521727702821097,
      "rev_growth_yoy": 0.06397982062780269,
      "rev_growth_yoy_accel": 0.14142578163963337,
      "op_leverage_ratio": 0.3068006476937395,
      "fcf_margin_change": -0.05536881534769291
    },
    {
      "date": "2025-03-31T00:00:00",
      "quarter_label": "2025-03 (Q1)",
      "revenue": 207780000,
      "gross_profit": 82430000,
      "operating_income": 26253000,
      "net_income": 21880000,
      "opex": 56177000,
      "cogs": 125350000,
      "rd": 15600000,
      "sga": 52049000,
      "fcf": 9540000,
      "ocf": 9540000,
      "capex": null,
      "gross_margin": 0.39671768216382713,
      "op_margin": 0.12634998556165175,
      "fcf_margin": 0.04591394744441236,
      "incr_op_margin_yoy": 0.14456133451315833,
      "rev_growth_yoy": 0.17213017651339504,
      "rev_growth_yoy_accel": 0.10815035588559235,
      "op_leverage_ratio": null,
      "fcf_margin_change": -0.0018064525260850783
    },
    {
      "date": "2025-06-30T00:00:00",
      "quarter_label": "2025-06 (Q2)",
      "revenue": 222049000,
      "gross_profit": 91298000,
      "operating_income": 34734000,
      "net_income": 14826000,
      "opex": 56564000,
      "cogs": 130751000,
      "rd": null,
      "sga": 52601000,
      "fcf": 33424000,
      "ocf": 33424000,
      "capex": null,
      "gross_margin": 0.4111615003895537,
      "op_margin": 0.15642493323545703,
      "fcf_margin": 0.15052533449824138,
      "incr_op_margin_yoy": 0.1812686656313463,
      "rev_growth_yoy": 0.2322774343207876,
      "rev_growth_yoy_accel": 0.06014725780739255,
      "op_leverage_ratio": 9.968673547329303,
      "fcf_margin_change": 0.10461138705382902
    },
    {
      "date": "2025-09-30T00:00:00",
      "quarter_label": "2025-09 (Q3)",
      "revenue": 217431000,
      "gross_profit": 90433000,
      "operating_income": 29634000,
      "net_income": 15056000,
      "opex": 60799000,
      "cogs": 126998000,
      "rd": null,
      "sga": 54369000,
      "fcf": 16826000,
      "ocf": 16826000,
      "capex": null,
      "gross_margin": 0.4159158537651025,
      "op_margin": 0.1362915131696952,
      "fcf_margin": 0.07738546941328514,
      "incr_op_margin_yoy": 0.11784870228032449,
      "rev_growth_yoy": 0.2755244509104562,
      "rev_growth_yoy_accel": 0.04324701658966859,
      "fcf_margin_change": -0.07313986508495623
    },
    {
      "date": "2025-12-31T00:00:00",
      "quarter_label": "2025-12 (Q4)",
      "revenue": 221320000,
      "gross_profit": 92233000,
      "operating_income": 35573000,
      "net_income": 2120000,
      "opex": 56660000,
      "cogs": 129087000,
      "rd": null,
      "sga": 55605000,
      "fcf": 20558000,
      "ocf": 20558000,
      "capex": null,
      "gross_margin": 0.4167404662931502,
      "op_margin": 0.16073106813663474,
      "fcf_margin": 0.09288812579071028,
      "incr_op_margin_yoy": 0.8604710213927506,
      "rev_growth_yoy": 0.16598354178300864,
      "rev_growth_yoy_accel": -0.10954090912744754,
      "op_leverage_ratio": null,
      "fcf_margin_change": 0.015502656377425136
    }
  ],
  "signals": [
    {
      "quarter": "2025-12 (Q4)",
      "signal": "YoY REVENUE GROWTH DECELERATION",
      "detail": "YoY growth: +16.6% vs prior quarter YoY: +27.6% (decel: -11.0%)",
      "severity": "WARNING"
    },
    {
      "quarter": "2025-12 (Q4)",
      "signal": "INCREMENTAL MARGIN (YoY)",
      "detail": "YoY Incr OPM: +86.0% vs year-ago OPM: +4.5%",
      "severity": "HIGH"
    },
    {
      "quarter": "2025-06 (Q2)",
      "signal": "FCF MARGIN EXPANSION",
      "detail": "FCF margin: +4.6% -> +15.1% (+10.5%)",
      "severity": "MEDIUM"
    },
    {
      "quarter": "2025-06 (Q2)",
      "signal": "OPERATING LEVERAGE",
      "detail": "Rev growth +6.9% vs OpEx growth +0.7% (leverage: 10.0x)",
      "severity": "MEDIUM"
    },
    {
      "quarter": "2025-06 (Q2)",
      "signal": "YoY REVENUE GROWTH ACCELERATION",
      "detail": "YoY growth: +23.2% vs prior quarter YoY: +17.2% (accel: +6.0%)",
      "severity": "MEDIUM"
    },
    {
      "quarter": "2025-03 (Q1)",
      "signal": "GROSS MARGIN INFLECTION",
      "detail": "GM: +41.1% -> +37.6% -> +39.7% (reversal +2.0%)",
      "severity": "MEDIUM"
    },
    {
      "quarter": "2025-03 (Q1)",
      "signal": "YoY REVENUE GROWTH ACCELERATION",
      "detail": "YoY growth: +17.2% vs prior quarter YoY: +6.4% (accel: +10.8%)",
      "severity": "MEDIUM"
    },
    {
      "quarter": "2024-12 (Q4)",
      "signal": "YoY REVENUE GROWTH ACCELERATION",
      "detail": "YoY growth: +6.4% vs prior quarter YoY: -7.7% (accel: +14.1%)",
      "severity": "MEDIUM"
    },
    {
      "quarter": "2024-09 (Q3)",
      "signal": "GROSS MARGIN INFLECTION",
      "detail": "GM: +38.5% -> +38.5% -> +41.1% (reversal +2.6%)",
      "severity": "MEDIUM"
    },
    {
      "quarter": "2024-03 (Q1)",
      "signal": "INCREMENTAL MARGIN (YoY)",
      "detail": "YoY Incr OPM: +943.7% vs year-ago OPM: +48.0%",
      "severity": "HIGH"
    },
    {
      "quarter": "2023-12 (Q4)",
      "signal": "YoY REVENUE GROWTH DECELERATION",
      "detail": "YoY growth: -5.0% vs prior quarter YoY: +2.3% (decel: -7.3%)",
      "severity": "WARNING"
    },
    {
      "quarter": "2023-06 (Q2)",
      "signal": "FCF MARGIN EXPANSION",
      "detail": "FCF margin: +12.6% -> +21.5% (+8.9%)",
      "severity": "MEDIUM"
    },
    {
      "quarter": "2023-06 (Q2)",
      "signal": "INCREMENTAL MARGIN (YoY)",
      "detail": "YoY Incr OPM: +257.9% vs year-ago OPM: +10.4%",
      "severity": "HIGH"
    },
    {
      "quarter": "2022-12 (Q4)",
      "signal": "FCF TURNED POSITIVE",
      "detail": "FCF margin: -1.5% -> +15.8%",
      "severity": "HIGH"
    },
    {
      "quarter": "2022-12 (Q4)",
      "signal": "INCREMENTAL MARGIN (YoY)",
      "detail": "YoY Incr OPM: +290.0% vs year-ago OPM: +11.7%",
      "severity": "HIGH"
    },
    {
      "quarter": "2022-09 (Q3)",
      "signal": "INCREMENTAL MARGIN (YoY)",
      "detail": "YoY Incr OPM: +69.4% vs year-ago OPM: +13.0%",
      "severity": "HIGH"
    },
    {
      "quarter": "2022-06 (Q2)",
      "signal": "FCF MARGIN EXPANSION",
      "detail": "FCF margin: +6.3% -> +15.9% (+9.7%)",
      "severity": "MEDIUM"
    },
    {
      "quarter": "2022-06 (Q2)",
      "signal": "YoY REVENUE GROWTH DECELERATION",
      "detail": "YoY growth: +4.7% vs prior quarter YoY: +9.9% (decel: -5.2%)",
      "severity": "WARNING"
    },
    {
      "quarter": "2022-03 (Q1)",
      "signal": "INCREMENTAL MARGIN (YoY)",
      "detail": "YoY Incr OPM: +110.3% vs year-ago OPM: +3.3%",
      "severity": "HIGH"
    },
    {
      "quarter": "2021-12 (Q4)",
      "signal": "FCF MARGIN EXPANSION",
      "detail": "FCF margin: +7.4% -> +12.5% (+5.1%)",
      "severity": "MEDIUM"
    },
    {
      "quarter": "2021-06 (Q2)",
      "signal": "FCF MARGIN EXPANSION",
      "detail": "FCF margin: +10.3% -> +18.1% (+7.8%)",
      "severity": "MEDIUM"
    }
  ],
  "data_quality": {
    "n_quarters": 20,
    "coverage": {
      "revenue": [
        20,
        20
      ],
      "gross_profit": [
        20,
        20
      ],
      "op_income": [
        20,
        20
      ],
      "fcf": [
        20,
        20
      ]
    },
    "gaps": [],
    "warnings": []
  },
  "market_cap": null,
  "source": "SEC EDGAR",
  "last_updated": "2026-02-04T13:48:34.656587"
}