{
  "ticker": "SXT",
  "name": "Sensient Technologies Corp",
  "sector": "Basic Materials",
  "industry": "Specialty Chemicals",
  "quarters": [
    {
      "date": "2021-03-31T00:00:00",
      "quarter_label": "2021-03 (Q1)",
      "revenue": 359702000,
      "gross_profit": null,
      "operating_income": 46897000,
      "net_income": 31668000,
      "opex": null,
      "cogs": null,
      "rd": null,
      "sga": 68716000,
      "fcf": 14720000,
      "ocf": 28964000,
      "capex": -14244000,
      "gross_margin": null,
      "op_margin": 0.130377367932344,
      "fcf_margin": 0.04092276384340371
    },
    {
      "date": "2021-06-30T00:00:00",
      "quarter_label": "2021-06 (Q2)",
      "revenue": 335827000,
      "gross_profit": null,
      "operating_income": 35753000,
      "net_income": 25936000,
      "opex": null,
      "cogs": null,
      "rd": null,
      "sga": 75841000,
      "fcf": 48991000,
      "ocf": 60297000,
      "capex": -11306000,
      "gross_margin": null,
      "op_margin": 0.10646255363624724,
      "fcf_margin": 0.1458816593067264,
      "fcf_margin_change": 0.10495889546332268
    },
    {
      "date": "2021-09-30T00:00:00",
      "quarter_label": "2021-09 (Q3)",
      "revenue": 344287000,
      "gross_profit": 115071000,
      "operating_income": 46958000,
      "net_income": 33912000,
      "opex": 68113000,
      "cogs": 229216000,
      "rd": null,
      "sga": 68113000,
      "fcf": 14829000,
      "ocf": 26887000,
      "capex": -12058000,
      "gross_margin": 0.33422987217060185,
      "op_margin": 0.1363920217725328,
      "fcf_margin": 0.04307162338397907,
      "fcf_margin_change": -0.10281003592274732
    },
    {
      "date": "2021-12-31T00:00:00",
      "quarter_label": "2021-12 (Q4)",
      "revenue": 340448000,
      "gross_profit": 112383000,
      "operating_income": 40420000,
      "net_income": 27229000,
      "opex": 71963000,
      "cogs": 228065000,
      "rd": null,
      "sga": 71963000,
      "fcf": 5890000,
      "ocf": 29070000,
      "capex": -23180000,
      "gross_margin": 0.3301032756838049,
      "op_margin": 0.11872591408967008,
      "fcf_margin": 0.017300733151611992,
      "fcf_margin_change": -0.025770890232367075
    },
    {
      "date": "2022-03-31T00:00:00",
      "quarter_label": "2022-03 (Q1)",
      "revenue": 355521000,
      "gross_profit": 124846000,
      "operating_income": 52789000,
      "net_income": 37071000,
      "opex": 72057000,
      "cogs": 230675000,
      "rd": null,
      "sga": 72057000,
      "fcf": -13628000,
      "ocf": -892000,
      "capex": -12736000,
      "gross_margin": 0.35116350370301613,
      "op_margin": 0.14848349323949922,
      "fcf_margin": -0.038332475437456576,
      "incr_op_margin_yoy": -1.4092322410906482,
      "rev_growth_yoy": -0.011623510572640687,
      "op_leverage_ratio": 33.89458480115312,
      "fcf_margin_change": -0.05563320858906857
    },
    {
      "date": "2022-06-30T00:00:00",
      "quarter_label": "2022-06 (Q2)",
      "revenue": 371706000,
      "gross_profit": 131003000,
      "operating_income": 55244000,
      "net_income": 38647000,
      "opex": 75759000,
      "cogs": 240703000,
      "rd": null,
      "sga": 75759000,
      "fcf": 3953000,
      "ocf": 23685000,
      "capex": -19732000,
      "gross_margin": 0.3524371411814714,
      "op_margin": 0.1486228363276353,
      "fcf_margin": 0.010634748968270623,
      "incr_op_margin_yoy": 0.5432425652888877,
      "rev_growth_yoy": 0.10683774681606899,
      "rev_growth_yoy_accel": 0.11846125738870968,
      "op_leverage_ratio": 0.8861091219211296,
      "fcf_margin_change": 0.0489672244057272
    },
    {
      "date": "2022-09-30T00:00:00",
      "quarter_label": "2022-09 (Q3)",
      "revenue": 361076000,
      "gross_profit": 121758000,
      "operating_income": 47493000,
      "net_income": 36048000,
      "opex": 74265000,
      "cogs": 239318000,
      "rd": null,
      "sga": 74265000,
      "fcf": -27130000,
      "ocf": -7895000,
      "capex": -19235000,
      "gross_margin": 0.33720878706975815,
      "op_margin": 0.1315318658675736,
      "fcf_margin": -0.07513653635245765,
      "incr_op_margin_yoy": 0.0318661028054083,
      "rev_growth_yoy": 0.04876454818218521,
      "rev_growth_yoy_accel": -0.05807319863388378,
      "fcf_margin_change": -0.08577128532072828
    },
    {
      "date": "2022-12-31T00:00:00",
      "quarter_label": "2022-12 (Q4)",
      "revenue": 348736000,
      "gross_profit": 111504000,
      "operating_income": 41225000,
      "net_income": 29121000,
      "opex": 70279000,
      "cogs": 237232000,
      "rd": null,
      "sga": 70279000,
      "fcf": -30447000,
      "ocf": -2828000,
      "capex": -27619000,
      "gross_margin": 0.3197375665259681,
      "op_margin": 0.11821263075793724,
      "fcf_margin": -0.08730673059276932,
      "incr_op_margin_yoy": 0.09712837837837837,
      "rev_growth_yoy": 0.024344393270044177,
      "rev_growth_yoy_accel": -0.024420154912141032,
      "fcf_margin_change": -0.012170194240311669
    },
    {
      "date": "2023-03-31T00:00:00",
      "quarter_label": "2023-03 (Q1)",
      "revenue": 369006000,
      "gross_profit": 124663000,
      "operating_income": 50838000,
      "net_income": 33651000,
      "opex": 73825000,
      "cogs": 244343000,
      "rd": null,
      "sga": 73825000,
      "fcf": -25323000,
      "ocf": -3045000,
      "capex": -22278000,
      "gross_margin": 0.3378346151553091,
      "op_margin": 0.13777011755906407,
      "fcf_margin": -0.06862490040812344,
      "incr_op_margin_yoy": -0.14467927326659252,
      "rev_growth_yoy": 0.03793024884605973,
      "rev_growth_yoy_accel": 0.013585855576015552,
      "op_leverage_ratio": 1.1519770016971194,
      "fcf_margin_change": 0.01868183018464588
    },
    {
      "date": "2023-06-30T00:00:00",
      "quarter_label": "2023-06 (Q2)",
      "revenue": 374313000,
      "gross_profit": 122177000,
      "operating_income": 51591000,
      "net_income": 34033000,
      "opex": 70586000,
      "cogs": 252136000,
      "rd": null,
      "sga": 70586000,
      "fcf": 31888000,
      "ocf": 54747000,
      "capex": -22859000,
      "gross_margin": 0.3264033041866032,
      "op_margin": 0.1378285018153257,
      "fcf_margin": 0.08519073609519306,
      "incr_op_margin_yoy": -1.4012274645186038,
      "rev_growth_yoy": 0.007013607528530613,
      "rev_growth_yoy_accel": -0.030916641317529116,
      "op_leverage_ratio": null,
      "fcf_margin_change": 0.1538156365033165
    },
    {
      "date": "2023-09-30T00:00:00",
      "quarter_label": "2023-09 (Q3)",
      "revenue": 363829000,
      "gross_profit": 113627000,
      "operating_income": 44531000,
      "net_income": 31543000,
      "opex": 69096000,
      "cogs": 250202000,
      "rd": null,
      "sga": 69096000,
      "fcf": 32537000,
      "ocf": 55118000,
      "capex": -22581000,
      "gross_margin": 0.31230880441086334,
      "op_margin": 0.12239541103100632,
      "fcf_margin": 0.08942937478870569,
      "incr_op_margin_yoy": -1.0759171812568107,
      "rev_growth_yoy": 0.007624433637239805,
      "rev_growth_yoy_accel": 0.0006108261087091919,
      "fcf_margin_change": 0.004238638693512625
    },
    {
      "date": "2023-12-31T00:00:00",
      "quarter_label": "2023-12 (Q4)",
      "revenue": 349302000,
      "gross_profit": 99830000,
      "operating_income": 8063000,
      "net_income": -5833000,
      "opex": 91767000,
      "cogs": 249472000,
      "rd": null,
      "sga": 91767000,
      "fcf": 42727000,
      "ocf": 62877000,
      "capex": -20150000,
      "gross_margin": 0.28579853536481326,
      "op_margin": 0.0230831773078883,
      "fcf_margin": 0.1223210860516115,
      "rev_growth_yoy": 0.0016230042209579739,
      "rev_growth_yoy_accel": -0.006001429416281831,
      "fcf_margin_change": 0.03289171126290581
    },
    {
      "date": "2024-03-31T00:00:00",
      "quarter_label": "2024-03 (Q1)",
      "revenue": 384670000,
      "gross_profit": 126549000,
      "operating_income": 49406000,
      "net_income": 30940000,
      "opex": 77143000,
      "cogs": 258121000,
      "rd": null,
      "sga": 77143000,
      "fcf": 4104000,
      "ocf": 15134000,
      "capex": -11030000,
      "gross_margin": 0.32898068474276654,
      "op_margin": 0.12843736189461097,
      "fcf_margin": 0.010668885018327398,
      "incr_op_margin_yoy": -0.09141981613891727,
      "rev_growth_yoy": 0.04244917426816908,
      "rev_growth_yoy_accel": 0.04082617004721111,
      "op_leverage_ratio": null,
      "fcf_margin_change": -0.1116522010332841
    },
    {
      "date": "2024-06-30T00:00:00",
      "quarter_label": "2024-06 (Q2)",
      "revenue": 403525000,
      "gross_profit": 130722000,
      "operating_income": 49657000,
      "net_income": 30932000,
      "opex": 81065000,
      "cogs": 272803000,
      "rd": null,
      "sga": 81065000,
      "fcf": 31992000,
      "ocf": 43812000,
      "capex": -11820000,
      "gross_margin": 0.32395018895979183,
      "op_margin": 0.12305805092621275,
      "fcf_margin": 0.07928133325072796,
      "incr_op_margin_yoy": -0.06620566890319048,
      "rev_growth_yoy": 0.07804163894922164,
      "rev_growth_yoy_accel": 0.03559246468105256,
      "op_leverage_ratio": 0.9641112575986673,
      "fcf_margin_change": 0.06861244823240056
    },
    {
      "date": "2024-09-30T00:00:00",
      "quarter_label": "2024-09 (Q3)",
      "revenue": 392613000,
      "gross_profit": 130404000,
      "operating_income": 50520000,
      "net_income": 32690000,
      "opex": 79884000,
      "cogs": 262209000,
      "rd": null,
      "sga": 79884000,
      "fcf": 63577000,
      "ocf": 76815000,
      "capex": -13238000,
      "gross_margin": 0.33214386686126035,
      "op_margin": 0.12867633012661323,
      "fcf_margin": 0.16193299763380226,
      "incr_op_margin_yoy": 0.20806698165647583,
      "rev_growth_yoy": 0.0791140893111874,
      "rev_growth_yoy_accel": 0.0010724503619657516,
      "fcf_margin_change": 0.0826516643830743
    },
    {
      "date": "2024-12-31T00:00:00",
      "quarter_label": "2024-12 (Q4)",
      "revenue": 376420000,
      "gross_profit": 119418000,
      "operating_income": 41996000,
      "net_income": 30104000,
      "opex": 77422000,
      "cogs": 257002000,
      "rd": null,
      "sga": 77422000,
      "fcf": -1734000,
      "ocf": 21390000,
      "capex": -23124000,
      "gross_margin": 0.3172466925243079,
      "op_margin": 0.11156686679772594,
      "fcf_margin": -0.004606556506030498,
      "incr_op_margin_yoy": 1.2513090935909728,
      "rev_growth_yoy": 0.07763482602447166,
      "rev_growth_yoy_accel": -0.001479263286715729,
      "fcf_margin_change": -0.16653955413983276
    },
    {
      "date": "2025-03-31T00:00:00",
      "quarter_label": "2025-03 (Q1)",
      "revenue": 392325000,
      "gross_profit": 131777000,
      "operating_income": 53530000,
      "net_income": 34462000,
      "opex": 78247000,
      "cogs": 260548000,
      "rd": null,
      "sga": 78247000,
      "fcf": -25832000,
      "ocf": -8978000,
      "capex": -16854000,
      "gross_margin": 0.33588733830370227,
      "op_margin": 0.13644300006372267,
      "fcf_margin": -0.0658433696552603,
      "incr_op_margin_yoy": 0.5387328543435663,
      "rev_growth_yoy": 0.019900174175267113,
      "rev_growth_yoy_accel": -0.05773465184920455,
      "op_leverage_ratio": 3.965257731128833,
      "fcf_margin_change": -0.0612368131492298
    },
    {
      "date": "2025-06-30T00:00:00",
      "quarter_label": "2025-06 (Q2)",
      "revenue": 414230000,
      "gross_profit": 142832000,
      "operating_income": 57706000,
      "net_income": 37587000,
      "opex": 85126000,
      "cogs": 271398000,
      "rd": null,
      "sga": 85126000,
      "fcf": 27101000,
      "ocf": 48282000,
      "capex": -21181000,
      "gross_margin": 0.3448132679912126,
      "op_margin": 0.13930907949689786,
      "fcf_margin": 0.06542500543176497,
      "incr_op_margin_yoy": 0.7518916394208314,
      "rev_growth_yoy": 0.026528715692955826,
      "rev_growth_yoy_accel": 0.006628541517688713,
      "op_leverage_ratio": 0.6350964135988885,
      "fcf_margin_change": 0.13126837508702527
    },
    {
      "date": "2025-09-30T00:00:00",
      "quarter_label": "2025-09 (Q3)",
      "revenue": 412109000,
      "gross_profit": 141342000,
      "operating_income": 57706000,
      "net_income": 36956000,
      "opex": 83636000,
      "cogs": 270767000,
      "rd": null,
      "sga": 83636000,
      "fcf": 24206000,
      "ocf": 43959000,
      "capex": -19753000,
      "gross_margin": 0.34297236896063904,
      "op_margin": 0.14002606106636836,
      "fcf_margin": 0.0587368875710067,
      "incr_op_margin_yoy": 0.3685884283955683,
      "rev_growth_yoy": 0.049657041412281305,
      "rev_growth_yoy_accel": 0.02312832571932548,
      "fcf_margin_change": -0.006688117860758264
    },
    {
      "date": "2025-12-31T00:00:00",
      "quarter_label": "2025-12 (Q4)",
      "revenue": 393447000,
      "gross_profit": 123349000,
      "operating_income": 38186000,
      "net_income": 25484000,
      "opex": 85163000,
      "cogs": 270098000,
      "rd": null,
      "sga": 85163000,
      "fcf": 12942000,
      "ocf": 44563000,
      "capex": -31621000,
      "gross_margin": 0.3135085538840047,
      "op_margin": 0.09705500359641832,
      "fcf_margin": 0.03289388405553988,
      "incr_op_margin_yoy": -0.22376225994009513,
      "rev_growth_yoy": 0.045234047075075716,
      "rev_growth_yoy_accel": -0.004422994337205589,
      "fcf_margin_change": -0.02584300351546682
    }
  ],
  "signals": [
    {
      "quarter": "2025-09 (Q3)",
      "signal": "INCREMENTAL MARGIN (YoY)",
      "detail": "YoY Incr OPM: +36.9% vs year-ago OPM: +12.9%",
      "severity": "HIGH"
    },
    {
      "quarter": "2025-06 (Q2)",
      "signal": "FCF TURNED POSITIVE",
      "detail": "FCF margin: -6.6% -> +6.5%",
      "severity": "HIGH"
    },
    {
      "quarter": "2025-06 (Q2)",
      "signal": "INCREMENTAL MARGIN (YoY)",
      "detail": "YoY Incr OPM: +75.2% vs year-ago OPM: +12.3%",
      "severity": "HIGH"
    },
    {
      "quarter": "2025-03 (Q1)",
      "signal": "OPERATING LEVERAGE",
      "detail": "Rev growth +4.2% vs OpEx growth +1.1% (leverage: 4.0x)",
      "severity": "MEDIUM"
    },
    {
      "quarter": "2025-03 (Q1)",
      "signal": "YoY REVENUE GROWTH DECELERATION",
      "detail": "YoY growth: +2.0% vs prior quarter YoY: +7.8% (decel: -5.8%)",
      "severity": "WARNING"
    },
    {
      "quarter": "2025-03 (Q1)",
      "signal": "INCREMENTAL MARGIN (YoY)",
      "detail": "YoY Incr OPM: +53.9% vs year-ago OPM: +12.8%",
      "severity": "HIGH"
    },
    {
      "quarter": "2024-12 (Q4)",
      "signal": "INCREMENTAL MARGIN (YoY)",
      "detail": "YoY Incr OPM: +125.1% vs year-ago OPM: +2.3%",
      "severity": "HIGH"
    },
    {
      "quarter": "2024-09 (Q3)",
      "signal": "FCF MARGIN EXPANSION",
      "detail": "FCF margin: +7.9% -> +16.2% (+8.3%)",
      "severity": "MEDIUM"
    },
    {
      "quarter": "2024-06 (Q2)",
      "signal": "FCF MARGIN EXPANSION",
      "detail": "FCF margin: +1.1% -> +7.9% (+6.9%)",
      "severity": "MEDIUM"
    },
    {
      "quarter": "2024-03 (Q1)",
      "signal": "GROSS MARGIN INFLECTION",
      "detail": "GM: +31.2% -> +28.6% -> +32.9% (reversal +4.3%)",
      "severity": "MEDIUM"
    },
    {
      "quarter": "2023-06 (Q2)",
      "signal": "FCF TURNED POSITIVE",
      "detail": "FCF margin: -6.9% -> +8.5%",
      "severity": "HIGH"
    },
    {
      "quarter": "2022-09 (Q3)",
      "signal": "YoY REVENUE GROWTH DECELERATION",
      "detail": "YoY growth: +4.9% vs prior quarter YoY: +10.7% (decel: -5.8%)",
      "severity": "WARNING"
    },
    {
      "quarter": "2022-06 (Q2)",
      "signal": "FCF TURNED POSITIVE",
      "detail": "FCF margin: -3.8% -> +1.1%",
      "severity": "HIGH"
    },
    {
      "quarter": "2022-06 (Q2)",
      "signal": "YoY REVENUE GROWTH ACCELERATION",
      "detail": "YoY growth: +10.7% vs prior quarter YoY: -1.2% (accel: +11.8%)",
      "severity": "MEDIUM"
    },
    {
      "quarter": "2022-06 (Q2)",
      "signal": "INCREMENTAL MARGIN (YoY)",
      "detail": "YoY Incr OPM: +54.3% vs year-ago OPM: +10.6%",
      "severity": "HIGH"
    },
    {
      "quarter": "2022-03 (Q1)",
      "signal": "OPERATING LEVERAGE",
      "detail": "Rev growth +4.4% vs OpEx growth +0.1% (leverage: 33.9x)",
      "severity": "MEDIUM"
    },
    {
      "quarter": "2022-03 (Q1)",
      "signal": "GROSS MARGIN INFLECTION",
      "detail": "GM: +33.4% -> +33.0% -> +35.1% (reversal +2.1%)",
      "severity": "MEDIUM"
    },
    {
      "quarter": "2021-06 (Q2)",
      "signal": "FCF MARGIN EXPANSION",
      "detail": "FCF margin: +4.1% -> +14.6% (+10.5%)",
      "severity": "MEDIUM"
    }
  ],
  "data_quality": {
    "n_quarters": 20,
    "coverage": {
      "revenue": [
        20,
        20
      ],
      "gross_profit": [
        18,
        20
      ],
      "op_income": [
        20,
        20
      ],
      "fcf": [
        20,
        20
      ]
    },
    "gaps": [],
    "warnings": []
  },
  "market_cap": null,
  "source": "SEC EDGAR",
  "last_updated": "2026-02-24T10:46:31.588169"
}