{
  "ticker": "SYY",
  "name": "Sysco Corporation",
  "quarters": [
    {
      "date": "2021-03-27T00:00:00",
      "quarter_label": "2021-03 (Q1)",
      "revenue": 11824589000,
      "gross_profit": 2122668000,
      "operating_income": 235917000,
      "net_income": 88927000,
      "opex": 1886751000,
      "cogs": 9701921000,
      "rd": null,
      "sga": null,
      "fcf": 543106000,
      "ocf": 543106000,
      "capex": null,
      "gross_margin": 0.17951304692281483,
      "op_margin": 0.019951391122346833,
      "fcf_margin": 0.04593022218362093
    },
    {
      "date": "2021-07-03T00:00:00",
      "quarter_label": "2021-07 (Q3)",
      "revenue": 16136893000,
      "gross_profit": 2915778000,
      "operating_income": 569684000,
      "net_income": 151093000,
      "opex": 2346094000,
      "cogs": 13221115000,
      "rd": null,
      "sga": null,
      "fcf": 424058000,
      "ocf": 424058000,
      "capex": null,
      "gross_margin": 0.1806901737527788,
      "op_margin": 0.03530320241944964,
      "fcf_margin": 0.026278788611909368,
      "op_leverage_ratio": 1.4979620165213823,
      "fcf_margin_change": -0.019651433571711563
    },
    {
      "date": "2021-10-02T00:00:00",
      "quarter_label": "2021-10 (Q4)",
      "revenue": 16456546000,
      "gross_profit": 2971708000,
      "operating_income": 631682000,
      "net_income": 378013000,
      "opex": 2340026000,
      "cogs": 13484838000,
      "rd": null,
      "sga": null,
      "fcf": 110812000,
      "ocf": 110812000,
      "capex": null,
      "gross_margin": 0.1805790838490653,
      "op_margin": 0.03838484697821767,
      "fcf_margin": 0.006733612265903186,
      "op_leverage_ratio": Infinity,
      "fcf_margin_change": -0.019545176346006183
    },
    {
      "date": "2022-01-02T00:00:00",
      "quarter_label": "2022-01 (Q1)",
      "revenue": 16320203000,
      "gross_profit": 2891150000,
      "operating_income": 444909000,
      "net_income": 167441000,
      "opex": 2446241000,
      "cogs": 13429053000,
      "rd": null,
      "sga": null,
      "fcf": 266235000,
      "ocf": 266235000,
      "capex": null,
      "gross_margin": 0.1771515954795415,
      "op_margin": 0.027261241787249826,
      "fcf_margin": 0.01631321620202886,
      "fcf_margin_change": 0.009579603936125676
    },
    {
      "date": "2022-04-02T00:00:00",
      "quarter_label": "2022-04 (Q2)",
      "revenue": 16902139000,
      "gross_profit": 3013394000,
      "operating_income": 495729000,
      "net_income": 303325000,
      "opex": 2517665000,
      "cogs": 13888745000,
      "rd": null,
      "sga": null,
      "fcf": 368824000,
      "ocf": 368824000,
      "capex": null,
      "gross_margin": 0.17828477212262897,
      "op_margin": 0.02932936476264927,
      "fcf_margin": 0.021821143465924637,
      "incr_op_margin_yoy": 0.05116877234099122,
      "rev_growth_yoy": 0.42940604531793874,
      "op_leverage_ratio": 1.2212504601573344,
      "fcf_margin_change": 0.005507927263895776
    },
    {
      "date": "2022-07-02T00:00:00",
      "quarter_label": "2022-07 (Q3)",
      "revenue": 18957258000,
      "gross_profit": 3444272000,
      "operating_income": 766715000,
      "net_income": 509989000,
      "opex": 2677557000,
      "cogs": 15512986000,
      "rd": null,
      "sga": null,
      "fcf": 1045129000,
      "ocf": 1045129000,
      "capex": null,
      "gross_margin": 0.18168619111476986,
      "op_margin": 0.04044440393225645,
      "fcf_margin": 0.05513081058452652,
      "incr_op_margin_yoy": 0.06986010675923152,
      "rev_growth_yoy": 0.1747774494135891,
      "rev_growth_yoy_accel": -0.2546285959043496,
      "op_leverage_ratio": 1.914549119519639,
      "fcf_margin_change": 0.03330966711860188
    },
    {
      "date": "2022-10-01T00:00:00",
      "quarter_label": "2022-10 (Q4)",
      "revenue": 19126830000,
      "gross_profit": 3488855000,
      "operating_income": 734333000,
      "net_income": 465568000,
      "opex": 2754522000,
      "cogs": 15637975000,
      "rd": null,
      "sga": null,
      "fcf": 158606000,
      "ocf": 158606000,
      "capex": null,
      "gross_margin": 0.1824063370668323,
      "op_margin": 0.03839282306581906,
      "fcf_margin": 0.008292330720772862,
      "incr_op_margin_yoy": 0.03844197845622413,
      "rev_growth_yoy": 0.16226272511862452,
      "rev_growth_yoy_accel": -0.012514724294964585,
      "fcf_margin_change": -0.046838479863753654
    },
    {
      "date": "2022-12-31T00:00:00",
      "quarter_label": "2022-12 (Q4)",
      "revenue": 18593953000,
      "gross_profit": 3349616000,
      "operating_income": 640642000,
      "net_income": 141216000,
      "opex": 2708974000,
      "cogs": 15244337000,
      "rd": null,
      "sga": null,
      "fcf": 344860000,
      "ocf": 344860000,
      "capex": null,
      "gross_margin": 0.18014544836162596,
      "op_margin": 0.034454319638217865,
      "fcf_margin": 0.01854688994857629,
      "incr_op_margin_yoy": 0.08608378229796591,
      "rev_growth_yoy": 0.1393211836887078,
      "rev_growth_yoy_accel": -0.022941541429916723,
      "fcf_margin_change": 0.010254559227803429
    },
    {
      "date": "2023-04-01T00:00:00",
      "quarter_label": "2023-04 (Q2)",
      "revenue": 18875676000,
      "gross_profit": 3431360000,
      "operating_income": 694177000,
      "net_income": 429604000,
      "opex": 2737183000,
      "cogs": 15444316000,
      "rd": null,
      "sga": null,
      "fcf": 922316000,
      "ocf": 922316000,
      "capex": null,
      "gross_margin": 0.18178739664741014,
      "op_margin": 0.03677627227761273,
      "fcf_margin": 0.04886267384542943,
      "incr_op_margin_yoy": 0.1005544866906473,
      "rev_growth_yoy": 0.11676255886902835,
      "rev_growth_yoy_accel": -0.02255862481967945,
      "op_leverage_ratio": 1.455015840949509,
      "fcf_margin_change": 0.03031578389685314
    },
    {
      "date": "2023-07-01T00:00:00",
      "quarter_label": "2023-07 (Q3)",
      "revenue": 19728216000,
      "gross_profit": 3685166000,
      "operating_income": 969397000,
      "net_income": 733736000,
      "opex": 2715769000,
      "cogs": 16043050000,
      "rd": null,
      "sga": null,
      "fcf": 1442218000,
      "ocf": 1442218000,
      "capex": null,
      "gross_margin": 0.18679671795969793,
      "op_margin": 0.0491375905454401,
      "fcf_margin": 0.07310432935243613,
      "incr_op_margin_yoy": 0.26289629266445125,
      "rev_growth_yoy": 0.04066822322088986,
      "rev_growth_yoy_accel": -0.0760943356481385,
      "op_leverage_ratio": Infinity,
      "fcf_margin_change": 0.0242416555070067
    },
    {
      "date": "2023-09-30T00:00:00",
      "quarter_label": "2023-09 (Q3)",
      "revenue": 19620454000,
      "gross_profit": 3647772000,
      "operating_income": 803582000,
      "net_income": 503392000,
      "opex": 2844190000,
      "cogs": 15972682000,
      "rd": null,
      "sga": null,
      "fcf": 87000000,
      "ocf": 87000000,
      "capex": null,
      "gross_margin": 0.1859167988671414,
      "op_margin": 0.040956340765611235,
      "fcf_margin": 0.004434148159874384,
      "incr_op_margin_yoy": 0.14028693904672382,
      "rev_growth_yoy": 0.02580793576353217,
      "rev_growth_yoy_accel": -0.01486028745735769,
      "fcf_margin_change": -0.06867018119256174
    },
    {
      "date": "2023-12-30T00:00:00",
      "quarter_label": "2023-12 (Q4)",
      "revenue": 19287942000,
      "gross_profit": 3513633000,
      "operating_income": 700043000,
      "net_income": 415242000,
      "opex": 2813590000,
      "cogs": 15774309000,
      "rd": null,
      "sga": null,
      "fcf": 769000000,
      "ocf": 769000000,
      "capex": null,
      "gross_margin": 0.18216733542645452,
      "op_margin": 0.03629433352713317,
      "fcf_margin": 0.03986946870744427,
      "incr_op_margin_yoy": 0.08559357569068098,
      "rev_growth_yoy": 0.03732337066787251,
      "rev_growth_yoy_accel": 0.01151543490434034,
      "fcf_margin_change": 0.035435320547569885
    },
    {
      "date": "2024-03-30T00:00:00",
      "quarter_label": "2024-03 (Q1)",
      "revenue": 19379500000,
      "gross_profit": 3609056000,
      "operating_income": 722046000,
      "net_income": 424688000,
      "opex": 2887010000,
      "cogs": 15770444000,
      "rd": null,
      "sga": null,
      "fcf": 517000000,
      "ocf": 517000000,
      "capex": null,
      "gross_margin": 0.18623060450476017,
      "op_margin": 0.03725823679661498,
      "fcf_margin": 0.026677674862612556,
      "incr_op_margin_yoy": 0.05531495125281845,
      "rev_growth_yoy": 0.026691706299684315,
      "rev_growth_yoy_accel": -0.010631664368188194,
      "fcf_margin_change": -0.013191793844831712
    },
    {
      "date": "2024-06-29T00:00:00",
      "quarter_label": "2024-06 (Q2)",
      "revenue": 20556104000,
      "gross_profit": 3837539000,
      "operating_income": 976329000,
      "net_income": 611678000,
      "opex": 2861210000,
      "cogs": 16718565000,
      "rd": null,
      "sga": null,
      "fcf": 1616000000,
      "ocf": 1616000000,
      "capex": null,
      "gross_margin": 0.18668610549936895,
      "op_margin": 0.047495819246682155,
      "fcf_margin": 0.07861411870654089,
      "incr_op_margin_yoy": 0.008373113271360377,
      "rev_growth_yoy": 0.04196466624250262,
      "rev_growth_yoy_accel": 0.015272959942818305,
      "op_leverage_ratio": Infinity,
      "fcf_margin_change": 0.051936443843928336
    },
    {
      "date": "2024-09-28T00:00:00",
      "quarter_label": "2024-09 (Q3)",
      "revenue": 20484000000,
      "gross_profit": 3753000000,
      "operating_income": 808000000,
      "net_income": 490000000,
      "opex": 2945000000,
      "cogs": 16731000000,
      "rd": null,
      "sga": null,
      "fcf": 53000000,
      "ocf": 53000000,
      "capex": null,
      "gross_margin": 0.18321616871704746,
      "op_margin": 0.03944542081624683,
      "fcf_margin": 0.00258738527631322,
      "incr_op_margin_yoy": 0.005116114254480942,
      "rev_growth_yoy": 0.044012539159389484,
      "rev_growth_yoy_accel": 0.0020478729168868642,
      "fcf_margin_change": -0.07602673343022767
    },
    {
      "date": "2024-12-28T00:00:00",
      "quarter_label": "2024-12 (Q4)",
      "revenue": 20151000000,
      "gross_profit": 3650000000,
      "operating_income": 712000000,
      "net_income": 406000000,
      "opex": 2938000000,
      "cogs": 16501000000,
      "rd": null,
      "sga": null,
      "fcf": 445000000,
      "ocf": 445000000,
      "capex": null,
      "gross_margin": 0.18113245000248127,
      "op_margin": 0.035333234082675795,
      "fcf_margin": 0.022083271301672373,
      "incr_op_margin_yoy": 0.013854225324369857,
      "rev_growth_yoy": 0.044745986896891334,
      "rev_growth_yoy_accel": 0.0007334477375018494,
      "fcf_margin_change": 0.019495886025359153
    },
    {
      "date": "2025-03-29T00:00:00",
      "quarter_label": "2025-03 (Q1)",
      "revenue": 19598000000,
      "gross_profit": 3581000000,
      "operating_income": 681000000,
      "net_income": 401000000,
      "opex": 2900000000,
      "cogs": 16017000000,
      "rd": null,
      "sga": null,
      "fcf": 819000000,
      "ocf": 819000000,
      "capex": null,
      "gross_margin": 0.18272272680885804,
      "op_margin": 0.03474844371874681,
      "fcf_margin": 0.041789978569241756,
      "incr_op_margin_yoy": -0.18785354691075515,
      "rev_growth_yoy": 0.011274800691452308,
      "rev_growth_yoy_accel": -0.03347118620543903,
      "fcf_margin_change": 0.019706707267569384
    },
    {
      "date": "2025-06-28T00:00:00",
      "quarter_label": "2025-06 (Q2)",
      "revenue": 21138000000,
      "gross_profit": 3986000000,
      "operating_income": 888000000,
      "net_income": 531000000,
      "opex": 3098000000,
      "cogs": 17152000000,
      "rd": null,
      "sga": null,
      "fcf": 1193000000,
      "ocf": 1193000000,
      "capex": null,
      "gross_margin": 0.18857034724193394,
      "op_margin": 0.04200965086573943,
      "fcf_margin": 0.056438641309490015,
      "incr_op_margin_yoy": -0.1517951661465279,
      "rev_growth_yoy": 0.028307698774047846,
      "rev_growth_yoy_accel": 0.01703289808259554,
      "op_leverage_ratio": 1.1509110907008653,
      "fcf_margin_change": 0.014648662740248258
    },
    {
      "date": "2025-09-27T00:00:00",
      "quarter_label": "2025-09 (Q3)",
      "revenue": 21148000000,
      "gross_profit": 3901000000,
      "operating_income": 800000000,
      "net_income": 476000000,
      "opex": 3101000000,
      "cogs": 17247000000,
      "rd": null,
      "sga": null,
      "fcf": 86000000,
      "ocf": 86000000,
      "capex": null,
      "gross_margin": 0.18446188764895025,
      "op_margin": 0.03782863627766219,
      "fcf_margin": 0.004066578399848686,
      "incr_op_margin_yoy": -0.012048192771084338,
      "rev_growth_yoy": 0.032415543839093924,
      "rev_growth_yoy_accel": 0.0041078450650460785,
      "fcf_margin_change": -0.05237206290964133
    },
    {
      "date": "2025-12-27T00:00:00",
      "quarter_label": "2025-12 (Q4)",
      "revenue": 20762000000,
      "gross_profit": 3792000000,
      "operating_income": 692000000,
      "net_income": 389000000,
      "opex": 3100000000,
      "cogs": 16970000000,
      "rd": null,
      "sga": null,
      "fcf": 525000000,
      "ocf": 525000000,
      "capex": null,
      "gross_margin": 0.18264136403044023,
      "op_margin": 0.03333012233888835,
      "fcf_margin": 0.02528658125421443,
      "incr_op_margin_yoy": -0.03273322422258593,
      "rev_growth_yoy": 0.030321075877127686,
      "rev_growth_yoy_accel": -0.0020944679619662385,
      "fcf_margin_change": 0.021220002854365743
    }
  ],
  "signals": [
    {
      "quarter": "2024-06 (Q2)",
      "signal": "FCF MARGIN EXPANSION",
      "detail": "FCF margin: +2.7% -> +7.9% (+5.2%)",
      "severity": "MEDIUM"
    },
    {
      "quarter": "2023-09 (Q3)",
      "signal": "INCREMENTAL MARGIN (YoY)",
      "detail": "YoY Incr OPM: +14.0% vs year-ago OPM: +3.8%",
      "severity": "MEDIUM"
    },
    {
      "quarter": "2023-07 (Q3)",
      "signal": "YoY REVENUE GROWTH DECELERATION",
      "detail": "YoY growth: +4.1% vs prior quarter YoY: +11.7% (decel: -7.6%)",
      "severity": "WARNING"
    },
    {
      "quarter": "2023-07 (Q3)",
      "signal": "INCREMENTAL MARGIN (YoY)",
      "detail": "YoY Incr OPM: +26.3% vs year-ago OPM: +4.0%",
      "severity": "HIGH"
    },
    {
      "quarter": "2022-07 (Q3)",
      "signal": "OPERATING LEVERAGE",
      "detail": "Rev growth +12.2% vs OpEx growth +6.4% (leverage: 1.9x)",
      "severity": "MEDIUM"
    },
    {
      "quarter": "2022-07 (Q3)",
      "signal": "YoY REVENUE GROWTH DECELERATION",
      "detail": "YoY growth: +17.5% vs prior quarter YoY: +42.9% (decel: -25.5%)",
      "severity": "WARNING"
    }
  ],
  "data_quality": {
    "n_quarters": 20,
    "coverage": {
      "revenue": [
        20,
        20
      ],
      "gross_profit": [
        20,
        20
      ],
      "op_income": [
        20,
        20
      ],
      "fcf": [
        20,
        20
      ]
    },
    "gaps": [],
    "warnings": []
  },
  "market_cap": null,
  "source": "SEC EDGAR",
  "last_updated": "2026-02-02T20:03:07.765848"
}