{
  "ticker": "T",
  "name": "AT&T INC.",
  "quarters": [
    {
      "date": "2020-12-31T00:00:00",
      "quarter_label": "2020-12 (Q4)",
      "revenue": 45691000000,
      "gross_profit": null,
      "operating_income": -10745000000,
      "net_income": -13883000000,
      "opex": 56436000000,
      "cogs": null,
      "rd": null,
      "sga": 10182000000,
      "fcf": 10082000000,
      "ocf": 10082000000,
      "capex": null,
      "gross_margin": null,
      "op_margin": -0.2351666630189753,
      "fcf_margin": 0.2206561467247379
    },
    {
      "date": "2021-03-31T00:00:00",
      "quarter_label": "2021-03 (Q1)",
      "revenue": 43939000000,
      "gross_profit": null,
      "operating_income": 7661000000,
      "net_income": 7550000000,
      "opex": 36278000000,
      "cogs": null,
      "rd": null,
      "sga": 9382000000,
      "fcf": 9927000000,
      "ocf": 9927000000,
      "capex": null,
      "gross_margin": null,
      "op_margin": 0.17435535628940121,
      "fcf_margin": 0.22592685313730398,
      "fcf_margin_change": 0.0052707064125660785
    },
    {
      "date": "2021-06-30T00:00:00",
      "quarter_label": "2021-06 (Q2)",
      "revenue": 44045000000,
      "gross_profit": null,
      "operating_income": 3269000000,
      "net_income": 1570000000,
      "opex": 40776000000,
      "cogs": null,
      "rd": null,
      "sga": 9361000000,
      "fcf": 10910000000,
      "ocf": 10910000000,
      "capex": null,
      "gross_margin": null,
      "op_margin": 0.0742195481893518,
      "fcf_margin": 0.24770121466681802,
      "fcf_margin_change": 0.021774361529514036
    },
    {
      "date": "2021-09-30T00:00:00",
      "quarter_label": "2021-09 (Q3)",
      "revenue": 39922000000,
      "gross_profit": null,
      "operating_income": 7109000000,
      "net_income": 5918000000,
      "opex": 32813000000,
      "cogs": null,
      "rd": null,
      "sga": 9207000000,
      "fcf": 9866000000,
      "ocf": 9866000000,
      "capex": null,
      "gross_margin": null,
      "op_margin": 0.17807224086969592,
      "fcf_margin": 0.2471319072190772,
      "fcf_margin_change": -0.0005693074477408078
    },
    {
      "date": "2021-12-31T00:00:00",
      "quarter_label": "2021-12 (Q4)",
      "revenue": 31095000000,
      "gross_profit": null,
      "operating_income": 4894000000,
      "net_income": 5043000000,
      "opex": 35650000000,
      "cogs": null,
      "rd": null,
      "sga": 9994000000,
      "fcf": 11254000000,
      "ocf": 11254000000,
      "capex": null,
      "gross_margin": null,
      "op_margin": 0.15738864769255506,
      "fcf_margin": 0.36192313876829074,
      "incr_op_margin_yoy": -1.0714579336804604,
      "rev_growth_yoy": -0.31945021995579,
      "fcf_margin_change": 0.11479123154921353
    },
    {
      "date": "2022-03-31T00:00:00",
      "quarter_label": "2022-03 (Q1)",
      "revenue": 38105000000,
      "gross_profit": null,
      "operating_income": 5641000000,
      "net_income": 4810000000,
      "opex": 32464000000,
      "cogs": null,
      "rd": null,
      "sga": 9368000000,
      "fcf": 5732000000,
      "ocf": 5732000000,
      "capex": null,
      "gross_margin": null,
      "op_margin": 0.1480383151817347,
      "fcf_margin": 0.15042645322136203,
      "incr_op_margin_yoy": 0.3462461432979088,
      "rev_growth_yoy": -0.13277498349985206,
      "rev_growth_yoy_accel": 0.18667523645593792,
      "op_leverage_ratio": Infinity,
      "fcf_margin_change": -0.21149668554692871
    },
    {
      "date": "2022-06-30T00:00:00",
      "quarter_label": "2022-06 (Q2)",
      "revenue": 29643000000,
      "gross_profit": null,
      "operating_income": 4956000000,
      "net_income": 4157000000,
      "opex": 24687000000,
      "cogs": null,
      "rd": null,
      "sga": 7265000000,
      "fcf": null,
      "ocf": null,
      "capex": null,
      "gross_margin": null,
      "op_margin": 0.16718955571298452,
      "fcf_margin": null,
      "incr_op_margin_yoy": -0.11713650881821969,
      "rev_growth_yoy": -0.3269837666023385,
      "rev_growth_yoy_accel": -0.19420878310248646
    },
    {
      "date": "2022-09-30T00:00:00",
      "quarter_label": "2022-09 (Q3)",
      "revenue": 30043000000,
      "gross_profit": null,
      "operating_income": 6012000000,
      "net_income": 6026000000,
      "opex": 24031000000,
      "cogs": null,
      "rd": null,
      "sga": 7202000000,
      "fcf": null,
      "ocf": null,
      "capex": null,
      "gross_margin": null,
      "op_margin": 0.20011317112139268,
      "fcf_margin": null,
      "incr_op_margin_yoy": 0.11104362789756048,
      "rev_growth_yoy": -0.24745754220730423,
      "rev_growth_yoy_accel": 0.07952622439503429,
      "op_leverage_ratio": Infinity
    },
    {
      "date": "2022-12-31T00:00:00",
      "quarter_label": "2022-12 (Q4)",
      "revenue": 31343000000,
      "gross_profit": null,
      "operating_income": -21092000000,
      "net_income": -23517000000,
      "opex": 52435000000,
      "cogs": null,
      "rd": null,
      "sga": 7516000000,
      "fcf": null,
      "ocf": null,
      "capex": null,
      "gross_margin": null,
      "op_margin": -0.6729413266120027,
      "fcf_margin": null,
      "incr_op_margin_yoy": -104.78225806451613,
      "rev_growth_yoy": 0.007975558771506673,
      "rev_growth_yoy_accel": 0.2554331009788109,
      "op_leverage_ratio": 0.03660938169068404
    },
    {
      "date": "2023-03-31T00:00:00",
      "quarter_label": "2023-03 (Q1)",
      "revenue": 30139000000,
      "gross_profit": null,
      "operating_income": 6002000000,
      "net_income": 4228000000,
      "opex": 24137000000,
      "cogs": null,
      "rd": null,
      "sga": 7175000000,
      "fcf": 6678000000,
      "ocf": 6678000000,
      "capex": null,
      "gross_margin": null,
      "op_margin": 0.1991439662895252,
      "fcf_margin": 0.22157337668801222,
      "incr_op_margin_yoy": -0.045317599799146374,
      "rev_growth_yoy": -0.20905392993045532,
      "rev_growth_yoy_accel": -0.217029488701962
    },
    {
      "date": "2023-06-30T00:00:00",
      "quarter_label": "2023-06 (Q2)",
      "revenue": 29917000000,
      "gross_profit": null,
      "operating_income": 6406000000,
      "net_income": 4489000000,
      "opex": 23511000000,
      "cogs": null,
      "rd": null,
      "sga": 7009000000,
      "fcf": 9922000000,
      "ocf": 9922000000,
      "capex": null,
      "gross_margin": null,
      "op_margin": 0.21412574790253033,
      "fcf_margin": 0.33165090082561755,
      "incr_op_margin_yoy": 5.291970802919708,
      "rev_growth_yoy": 0.0092433289478123,
      "rev_growth_yoy_accel": 0.21829725887826762,
      "fcf_margin_change": 0.11007752413760533
    },
    {
      "date": "2023-09-30T00:00:00",
      "quarter_label": "2023-09 (Q3)",
      "revenue": 30350000000,
      "gross_profit": 30190000000,
      "operating_income": 5782000000,
      "net_income": 3495000000,
      "opex": 24568000000,
      "cogs": 160000000,
      "rd": null,
      "sga": 7205000000,
      "fcf": 10336000000,
      "ocf": 10336000000,
      "capex": null,
      "gross_margin": 0.9947281713344316,
      "op_margin": 0.19051070840197692,
      "fcf_margin": 0.34056013179571665,
      "incr_op_margin_yoy": -0.749185667752443,
      "rev_growth_yoy": 0.010218686549279366,
      "rev_growth_yoy_accel": 0.0009753576014670667,
      "op_leverage_ratio": 0.3219333501969767,
      "fcf_margin_change": 0.008909230970099102
    },
    {
      "date": "2023-12-31T00:00:00",
      "quarter_label": "2023-12 (Q4)",
      "revenue": 32022000000,
      "gross_profit": null,
      "operating_income": 5271000000,
      "net_income": 2188000000,
      "opex": 26751000000,
      "cogs": null,
      "rd": null,
      "sga": 7485000000,
      "fcf": null,
      "ocf": null,
      "capex": null,
      "gross_margin": null,
      "op_margin": 0.1646055836612329,
      "fcf_margin": null,
      "incr_op_margin_yoy": 38.82621502209131,
      "rev_growth_yoy": 0.021663529336694,
      "rev_growth_yoy_accel": 0.011444842787414634,
      "op_leverage_ratio": 0.6200027922821322
    },
    {
      "date": "2024-03-31T00:00:00",
      "quarter_label": "2024-03 (Q1)",
      "revenue": 30028000000,
      "gross_profit": null,
      "operating_income": 5847000000,
      "net_income": 3445000000,
      "opex": 24181000000,
      "cogs": null,
      "rd": null,
      "sga": 7021000000,
      "fcf": 7547000000,
      "ocf": 7547000000,
      "capex": null,
      "gross_margin": null,
      "op_margin": 0.19471826295457573,
      "fcf_margin": 0.2513320900492873,
      "incr_op_margin_yoy": 1.3963963963963963,
      "rev_growth_yoy": -0.003682935731112512,
      "rev_growth_yoy_accel": -0.025346465067806512
    },
    {
      "date": "2024-06-30T00:00:00",
      "quarter_label": "2024-06 (Q2)",
      "revenue": 29797000000,
      "gross_profit": null,
      "operating_income": 5760000000,
      "net_income": 3597000000,
      "opex": 24037000000,
      "cogs": null,
      "rd": null,
      "sga": 7043000000,
      "fcf": 9093000000,
      "ocf": 9093000000,
      "capex": null,
      "gross_margin": null,
      "op_margin": 0.19330805114608854,
      "fcf_margin": 0.30516494949155953,
      "incr_op_margin_yoy": 5.383333333333334,
      "rev_growth_yoy": -0.004011097369388642,
      "rev_growth_yoy_accel": -0.00032816163827612986,
      "fcf_margin_change": 0.05383285944227223
    },
    {
      "date": "2024-09-30T00:00:00",
      "quarter_label": "2024-09 (Q3)",
      "revenue": 30213000000,
      "gross_profit": null,
      "operating_income": 2116000000,
      "net_income": -174000000,
      "opex": 28097000000,
      "cogs": null,
      "rd": null,
      "sga": 6958000000,
      "fcf": 10235000000,
      "ocf": 10235000000,
      "capex": null,
      "gross_margin": null,
      "op_margin": 0.07003607718531758,
      "fcf_margin": 0.338761460298547,
      "incr_op_margin_yoy": 26.759124087591243,
      "rev_growth_yoy": -0.004514003294892916,
      "rev_growth_yoy_accel": -0.0005029059255042736,
      "op_leverage_ratio": 0.08265612086778994,
      "fcf_margin_change": 0.033596510806987445
    },
    {
      "date": "2024-12-31T00:00:00",
      "quarter_label": "2024-12 (Q4)",
      "revenue": 32298000000,
      "gross_profit": null,
      "operating_income": 5326000000,
      "net_income": 4080000000,
      "opex": 26972000000,
      "cogs": null,
      "rd": null,
      "sga": 7389000000,
      "fcf": null,
      "ocf": null,
      "capex": null,
      "gross_margin": null,
      "op_margin": 0.1649018515078333,
      "fcf_margin": null,
      "incr_op_margin_yoy": 0.19927536231884058,
      "rev_growth_yoy": 0.008619074386359378,
      "rev_growth_yoy_accel": 0.013133077681252294,
      "op_leverage_ratio": Infinity
    },
    {
      "date": "2025-03-31T00:00:00",
      "quarter_label": "2025-03 (Q1)",
      "revenue": 30626000000,
      "gross_profit": null,
      "operating_income": 5754000000,
      "net_income": 4351000000,
      "opex": 24872000000,
      "cogs": null,
      "rd": null,
      "sga": 7145000000,
      "fcf": 9049000000,
      "ocf": 9049000000,
      "capex": null,
      "gross_margin": null,
      "op_margin": 0.18787957944230393,
      "fcf_margin": 0.2954679030888787,
      "incr_op_margin_yoy": -0.15551839464882944,
      "rev_growth_yoy": 0.01991474623684561,
      "rev_growth_yoy_accel": 0.011295671850486232
    },
    {
      "date": "2025-06-30T00:00:00",
      "quarter_label": "2025-06 (Q2)",
      "revenue": 30847000000,
      "gross_profit": null,
      "operating_income": 6501000000,
      "net_income": 4500000000,
      "opex": 24346000000,
      "cogs": null,
      "rd": null,
      "sga": 6945000000,
      "fcf": 9763000000,
      "ocf": 9763000000,
      "capex": null,
      "gross_margin": null,
      "op_margin": 0.21074982980516743,
      "fcf_margin": 0.31649755243621747,
      "incr_op_margin_yoy": 0.7057142857142857,
      "rev_growth_yoy": 0.03523844682350572,
      "rev_growth_yoy_accel": 0.015323700586660112,
      "fcf_margin_change": 0.021029649347338752
    },
    {
      "date": "2025-09-30T00:00:00",
      "quarter_label": "2025-09 (Q3)",
      "revenue": 30709000000,
      "gross_profit": null,
      "operating_income": 6119000000,
      "net_income": 9314000000,
      "opex": 24590000000,
      "cogs": null,
      "rd": null,
      "sga": 7454000000,
      "fcf": 10152000000,
      "ocf": 10152000000,
      "capex": null,
      "gross_margin": null,
      "op_margin": 0.1992575466475626,
      "fcf_margin": 0.33058712429580905,
      "incr_op_margin_yoy": 8.070564516129032,
      "rev_growth_yoy": 0.016416774236255916,
      "rev_growth_yoy_accel": -0.018821672587249805,
      "fcf_margin_change": 0.014089571859591588
    }
  ],
  "signals": [
    {
      "quarter": "2025-09 (Q3)",
      "signal": "INCREMENTAL MARGIN (YoY)",
      "detail": "YoY Incr OPM: +807.1% vs year-ago OPM: +7.0%",
      "severity": "HIGH"
    },
    {
      "quarter": "2025-06 (Q2)",
      "signal": "INCREMENTAL MARGIN (YoY)",
      "detail": "YoY Incr OPM: +70.6% vs year-ago OPM: +19.3%",
      "severity": "HIGH"
    },
    {
      "quarter": "2024-09 (Q3)",
      "signal": "INCREMENTAL MARGIN (YoY)",
      "detail": "YoY Incr OPM: +2675.9% vs year-ago OPM: +19.1%",
      "severity": "HIGH"
    },
    {
      "quarter": "2024-06 (Q2)",
      "signal": "FCF MARGIN EXPANSION",
      "detail": "FCF margin: +25.1% -> +30.5% (+5.4%)",
      "severity": "MEDIUM"
    },
    {
      "quarter": "2024-06 (Q2)",
      "signal": "INCREMENTAL MARGIN (YoY)",
      "detail": "YoY Incr OPM: +538.3% vs year-ago OPM: +21.4%",
      "severity": "HIGH"
    },
    {
      "quarter": "2024-03 (Q1)",
      "signal": "INCREMENTAL MARGIN (YoY)",
      "detail": "YoY Incr OPM: +139.6% vs year-ago OPM: +19.9%",
      "severity": "HIGH"
    },
    {
      "quarter": "2023-12 (Q4)",
      "signal": "OP MARGIN TURNED POSITIVE (YoY)",
      "detail": "Op margin: -67.3% (year-ago) -> +16.5%",
      "severity": "HIGH"
    },
    {
      "quarter": "2023-06 (Q2)",
      "signal": "FCF MARGIN EXPANSION",
      "detail": "FCF margin: +22.2% -> +33.2% (+11.0%)",
      "severity": "MEDIUM"
    },
    {
      "quarter": "2023-06 (Q2)",
      "signal": "YoY REVENUE GROWTH ACCELERATION",
      "detail": "YoY growth: +0.9% vs prior quarter YoY: -20.9% (accel: +21.8%)",
      "severity": "HIGH"
    },
    {
      "quarter": "2023-06 (Q2)",
      "signal": "INCREMENTAL MARGIN (YoY)",
      "detail": "YoY Incr OPM: +529.2% vs year-ago OPM: +16.7%",
      "severity": "HIGH"
    },
    {
      "quarter": "2023-03 (Q1)",
      "signal": "YoY REVENUE GROWTH DECELERATION",
      "detail": "YoY growth: -20.9% vs prior quarter YoY: +0.8% (decel: -21.7%)",
      "severity": "WARNING"
    },
    {
      "quarter": "2023-03 (Q1)",
      "signal": "OP MARGIN TURNED POSITIVE (QoQ)",
      "detail": "Op margin: -67.3% -> +19.9%",
      "severity": "HIGH"
    },
    {
      "quarter": "2022-12 (Q4)",
      "signal": "YoY REVENUE GROWTH ACCELERATION",
      "detail": "YoY growth: +0.8% vs prior quarter YoY: -24.7% (accel: +25.5%)",
      "severity": "HIGH"
    },
    {
      "quarter": "2022-09 (Q3)",
      "signal": "YoY REVENUE GROWTH ACCELERATION",
      "detail": "YoY growth: -24.7% vs prior quarter YoY: -32.7% (accel: +8.0%)",
      "severity": "MEDIUM"
    },
    {
      "quarter": "2022-06 (Q2)",
      "signal": "YoY REVENUE GROWTH DECELERATION",
      "detail": "YoY growth: -32.7% vs prior quarter YoY: -13.3% (decel: -19.4%)",
      "severity": "WARNING"
    },
    {
      "quarter": "2022-03 (Q1)",
      "signal": "YoY REVENUE GROWTH ACCELERATION",
      "detail": "YoY growth: -13.3% vs prior quarter YoY: -31.9% (accel: +18.7%)",
      "severity": "HIGH"
    },
    {
      "quarter": "2022-03 (Q1)",
      "signal": "INCREMENTAL MARGIN (YoY)",
      "detail": "YoY Incr OPM: +34.6% vs year-ago OPM: +17.4%",
      "severity": "MEDIUM"
    },
    {
      "quarter": "2021-12 (Q4)",
      "signal": "FCF MARGIN EXPANSION",
      "detail": "FCF margin: +24.7% -> +36.2% (+11.5%)",
      "severity": "MEDIUM"
    },
    {
      "quarter": "2021-12 (Q4)",
      "signal": "OP MARGIN TURNED POSITIVE (YoY)",
      "detail": "Op margin: -23.5% (year-ago) -> +15.7%",
      "severity": "HIGH"
    },
    {
      "quarter": "2021-03 (Q1)",
      "signal": "OP MARGIN TURNED POSITIVE (QoQ)",
      "detail": "Op margin: -23.5% -> +17.4%",
      "severity": "HIGH"
    }
  ],
  "data_quality": {
    "n_quarters": 20,
    "coverage": {
      "revenue": [
        20,
        20
      ],
      "gross_profit": [
        1,
        20
      ],
      "op_income": [
        20,
        20
      ],
      "fcf": [
        15,
        20
      ]
    },
    "gaps": [],
    "warnings": [
      "gross_profit: 1/20Q",
      "fcf: 15/20Q"
    ]
  },
  "market_cap": null,
  "source": "SEC EDGAR",
  "last_updated": "2026-02-02T19:46:18.443159"
}