{
  "ticker": "TALO",
  "name": "Talos Energy Inc.",
  "quarters": [
    {
      "date": "2020-12-31T00:00:00",
      "quarter_label": "2020-12 (Q4)",
      "revenue": 175711000,
      "gross_profit": null,
      "operating_income": -285436000,
      "net_income": -430743000,
      "opex": 461147000,
      "cogs": null,
      "rd": null,
      "sga": null,
      "fcf": 39856000,
      "ocf": 39856000,
      "capex": null,
      "gross_margin": null,
      "op_margin": -1.6244628964606656,
      "fcf_margin": 0.22682700570823683
    },
    {
      "date": "2021-03-31T00:00:00",
      "quarter_label": "2021-03 (Q1)",
      "revenue": 267908000,
      "gross_profit": null,
      "operating_income": 64627000,
      "net_income": -121491000,
      "opex": 203281000,
      "cogs": null,
      "rd": null,
      "sga": null,
      "fcf": 66956000,
      "ocf": 66956000,
      "capex": null,
      "gross_margin": null,
      "op_margin": 0.2412283321140093,
      "fcf_margin": 0.24992161488272094,
      "op_leverage_ratio": Infinity,
      "fcf_margin_change": 0.02309460917448411
    },
    {
      "date": "2021-06-30T00:00:00",
      "quarter_label": "2021-06 (Q2)",
      "revenue": 303768000,
      "gross_profit": null,
      "operating_income": 93344000,
      "net_income": -125782000,
      "opex": 210424000,
      "cogs": null,
      "rd": null,
      "sga": null,
      "fcf": 132138000,
      "ocf": 132138000,
      "capex": null,
      "gross_margin": null,
      "op_margin": 0.3072871401859314,
      "fcf_margin": 0.43499644465513154,
      "op_leverage_ratio": 3.8092610962329037,
      "fcf_margin_change": 0.1850748297724106
    },
    {
      "date": "2021-09-30T00:00:00",
      "quarter_label": "2021-09 (Q3)",
      "revenue": 290909000,
      "gross_profit": null,
      "operating_income": 92339000,
      "net_income": -16691000,
      "opex": 198570000,
      "cogs": null,
      "rd": null,
      "sga": null,
      "fcf": 88554000,
      "ocf": 88554000,
      "capex": null,
      "gross_margin": null,
      "op_margin": 0.31741541169231613,
      "fcf_margin": 0.30440447012639693,
      "fcf_margin_change": -0.1305919745287346
    },
    {
      "date": "2021-12-31T00:00:00",
      "quarter_label": "2021-12 (Q4)",
      "revenue": 381955000,
      "gross_profit": null,
      "operating_income": 124306000,
      "net_income": 81012000,
      "opex": 257649000,
      "cogs": null,
      "rd": null,
      "sga": null,
      "fcf": 123740000,
      "ocf": 123740000,
      "capex": null,
      "gross_margin": null,
      "op_margin": 0.3254467149271511,
      "fcf_margin": 0.32396486497100446,
      "incr_op_margin_yoy": 1.9866856732801923,
      "rev_growth_yoy": 1.1737682899761541,
      "op_leverage_ratio": 1.0519236349136136,
      "fcf_margin_change": 0.01956039484460753
    },
    {
      "date": "2022-03-31T00:00:00",
      "quarter_label": "2022-03 (Q1)",
      "revenue": 413566000,
      "gross_profit": null,
      "operating_income": 217520000,
      "net_income": -66441000,
      "opex": 196046000,
      "cogs": null,
      "rd": null,
      "sga": null,
      "fcf": 113610000,
      "ocf": 113610000,
      "capex": null,
      "gross_margin": null,
      "op_margin": 0.5259619988103471,
      "fcf_margin": 0.2747082690549997,
      "incr_op_margin_yoy": 1.049671147482459,
      "rev_growth_yoy": 0.5436866386968661,
      "rev_growth_yoy_accel": -0.6300816512792881,
      "op_leverage_ratio": Infinity,
      "fcf_margin_change": -0.049256595916004786
    },
    {
      "date": "2022-06-30T00:00:00",
      "quarter_label": "2022-06 (Q2)",
      "revenue": 519085000,
      "gross_profit": null,
      "operating_income": 275987000,
      "net_income": 195141000,
      "opex": 243098000,
      "cogs": null,
      "rd": null,
      "sga": null,
      "fcf": 240755000,
      "ocf": 240755000,
      "capex": null,
      "gross_margin": null,
      "op_margin": 0.5316797826945491,
      "fcf_margin": 0.46380650567826076,
      "incr_op_margin_yoy": 0.848251647570791,
      "rev_growth_yoy": 0.7088205472597509,
      "rev_growth_yoy_accel": 0.1651339085628848,
      "op_leverage_ratio": 1.0630794832851096,
      "fcf_margin_change": 0.18909823662326108
    },
    {
      "date": "2022-09-30T00:00:00",
      "quarter_label": "2022-09 (Q3)",
      "revenue": 377128000,
      "gross_profit": null,
      "operating_income": 163988000,
      "net_income": 250465000,
      "opex": 213140000,
      "cogs": null,
      "rd": null,
      "sga": null,
      "fcf": 184563000,
      "ocf": 184563000,
      "capex": null,
      "gross_margin": null,
      "op_margin": 0.4348337964828918,
      "fcf_margin": 0.4893908699433614,
      "incr_op_margin_yoy": 0.8310117259536761,
      "rev_growth_yoy": 0.29637790511809536,
      "rev_growth_yoy_accel": -0.4124426421416555,
      "fcf_margin_change": 0.025584364265100634
    },
    {
      "date": "2022-12-31T00:00:00",
      "quarter_label": "2022-12 (Q4)",
      "revenue": 342201000,
      "gross_profit": null,
      "operating_income": 78624000,
      "net_income": 2750000,
      "opex": 263577000,
      "cogs": null,
      "rd": null,
      "sga": null,
      "fcf": 170811000,
      "ocf": 170811000,
      "capex": null,
      "gross_margin": null,
      "op_margin": 0.2297597026309099,
      "fcf_margin": 0.4991540059789422,
      "incr_op_margin_yoy": 1.1491170699803794,
      "rev_growth_yoy": -0.10408032359832965,
      "rev_growth_yoy_accel": -0.400458228716425,
      "fcf_margin_change": 0.009763136035580822
    },
    {
      "date": "2023-03-31T00:00:00",
      "quarter_label": "2023-03 (Q1)",
      "revenue": 322582000,
      "gross_profit": null,
      "operating_income": 7852000,
      "net_income": 89860000,
      "opex": 314730000,
      "cogs": null,
      "rd": null,
      "sga": null,
      "fcf": 62857000,
      "ocf": 62857000,
      "capex": null,
      "gross_margin": null,
      "op_margin": 0.024341097767389377,
      "fcf_margin": 0.19485588160529727,
      "incr_op_margin_yoy": 2.3044491339136552,
      "rev_growth_yoy": -0.21999874264325403,
      "rev_growth_yoy_accel": -0.11591841904492438,
      "fcf_margin_change": -0.30429812437364495
    },
    {
      "date": "2023-06-30T00:00:00",
      "quarter_label": "2023-06 (Q2)",
      "revenue": 367210000,
      "gross_profit": null,
      "operating_income": 40425000,
      "net_income": 13677000,
      "opex": 326785000,
      "cogs": null,
      "rd": null,
      "sga": null,
      "fcf": 214226000,
      "ocf": 214226000,
      "capex": null,
      "gross_margin": null,
      "op_margin": 0.11008687127256883,
      "fcf_margin": 0.5833882519539229,
      "incr_op_margin_yoy": 1.5510255144032923,
      "rev_growth_yoy": -0.2925821397266344,
      "rev_growth_yoy_accel": -0.07258339708338035,
      "op_leverage_ratio": 3.611920820309991,
      "fcf_margin_change": 0.3885323703486256
    },
    {
      "date": "2023-09-30T00:00:00",
      "quarter_label": "2023-09 (Q3)",
      "revenue": 383135000,
      "gross_profit": null,
      "operating_income": 126771000,
      "net_income": -2103000,
      "opex": 256364000,
      "cogs": null,
      "rd": null,
      "sga": null,
      "fcf": 65728000,
      "ocf": 65728000,
      "capex": null,
      "gross_margin": null,
      "op_margin": 0.3308781499993475,
      "fcf_margin": 0.17155310791235465,
      "incr_op_margin_yoy": -6.195605127351423,
      "rev_growth_yoy": 0.015928278992808808,
      "rev_growth_yoy_accel": 0.3085104187194432,
      "op_leverage_ratio": Infinity,
      "fcf_margin_change": -0.4118351440415682
    },
    {
      "date": "2023-12-31T00:00:00",
      "quarter_label": "2023-12 (Q4)",
      "revenue": 384959000,
      "gross_profit": null,
      "operating_income": 34742000,
      "net_income": 85898000,
      "opex": 350217000,
      "cogs": null,
      "rd": null,
      "sga": null,
      "fcf": 176258000,
      "ocf": 176258000,
      "capex": null,
      "gross_margin": null,
      "op_margin": 0.09024857192584146,
      "fcf_margin": 0.4578617463158414,
      "incr_op_margin_yoy": -1.0262874783666214,
      "rev_growth_yoy": 0.12494995631222586,
      "rev_growth_yoy_accel": 0.10902167731941705,
      "fcf_margin_change": 0.28630863840348675
    },
    {
      "date": "2024-03-31T00:00:00",
      "quarter_label": "2024-03 (Q1)",
      "revenue": 429932000,
      "gross_profit": null,
      "operating_income": 67845000,
      "net_income": -112439000,
      "opex": 362087000,
      "cogs": null,
      "rd": null,
      "sga": null,
      "fcf": 96426000,
      "ocf": 96426000,
      "capex": null,
      "gross_margin": null,
      "op_margin": 0.1578040248225301,
      "fcf_margin": 0.2242819794758241,
      "incr_op_margin_yoy": 0.5588542151839776,
      "rev_growth_yoy": 0.33278360230887033,
      "rev_growth_yoy_accel": 0.20783364599664447,
      "op_leverage_ratio": 3.446861918684004,
      "fcf_margin_change": -0.23357976684001733
    },
    {
      "date": "2024-06-30T00:00:00",
      "quarter_label": "2024-06 (Q2)",
      "revenue": 549165000,
      "gross_profit": null,
      "operating_income": 54370000,
      "net_income": 12381000,
      "opex": 494795000,
      "cogs": null,
      "rd": null,
      "sga": null,
      "fcf": 289364000,
      "ocf": 289364000,
      "capex": null,
      "gross_margin": null,
      "op_margin": 0.0990048528220116,
      "fcf_margin": 0.526916318410678,
      "incr_op_margin_yoy": 0.07663982852903191,
      "rev_growth_yoy": 0.49550665831540536,
      "rev_growth_yoy_accel": 0.16272305600653503,
      "op_leverage_ratio": 0.7566804767484647,
      "fcf_margin_change": 0.3026343389348539
    },
    {
      "date": "2024-09-30T00:00:00",
      "quarter_label": "2024-09 (Q3)",
      "revenue": 509286000,
      "gross_profit": null,
      "operating_income": 23545000,
      "net_income": 88173000,
      "opex": 485741000,
      "cogs": null,
      "rd": null,
      "sga": null,
      "fcf": 227466000,
      "ocf": 227466000,
      "capex": null,
      "gross_margin": null,
      "op_margin": 0.0462313906135256,
      "fcf_margin": 0.4466370565851015,
      "incr_op_margin_yoy": -0.8182733390936259,
      "rev_growth_yoy": 0.3292599214376134,
      "rev_growth_yoy_accel": -0.16624673687779196,
      "fcf_margin_change": -0.08027926182557649
    },
    {
      "date": "2024-12-31T00:00:00",
      "quarter_label": "2024-12 (Q4)",
      "revenue": 485185000,
      "gross_profit": null,
      "operating_income": 27165000,
      "net_income": -64508000,
      "opex": 458020000,
      "cogs": null,
      "rd": null,
      "sga": null,
      "fcf": 349337000,
      "ocf": 349337000,
      "capex": null,
      "gross_margin": null,
      "op_margin": 0.055988952667539185,
      "fcf_margin": 0.720007832064058,
      "incr_op_margin_yoy": -0.07559914593019776,
      "rev_growth_yoy": 0.26035499884403274,
      "rev_growth_yoy_accel": -0.06890492259358066,
      "fcf_margin_change": 0.27337077547895655
    },
    {
      "date": "2025-03-31T00:00:00",
      "quarter_label": "2025-03 (Q1)",
      "revenue": 513059000,
      "gross_profit": null,
      "operating_income": 43451000,
      "net_income": -9868000,
      "opex": 469608000,
      "cogs": null,
      "rd": null,
      "sga": null,
      "fcf": 268241000,
      "ocf": 268241000,
      "capex": null,
      "gross_margin": null,
      "op_margin": 0.08469006488532509,
      "fcf_margin": 0.5228268093922921,
      "incr_op_margin_yoy": -0.29345459357368847,
      "rev_growth_yoy": 0.19334918080068475,
      "rev_growth_yoy_accel": -0.06700581804334799,
      "op_leverage_ratio": 2.2707424864812746,
      "fcf_margin_change": -0.19718102267176596
    },
    {
      "date": "2025-06-30T00:00:00",
      "quarter_label": "2025-06 (Q2)",
      "revenue": 424721000,
      "gross_profit": null,
      "operating_income": -273592000,
      "net_income": -185937000,
      "opex": 698313000,
      "cogs": null,
      "rd": null,
      "sga": null,
      "fcf": 351637000,
      "ocf": 351637000,
      "capex": null,
      "gross_margin": null,
      "op_margin": -0.6441687601978711,
      "fcf_margin": 0.8279246846753516,
      "incr_op_margin_yoy": 2.6354183407797884,
      "rev_growth_yoy": -0.22660584705871642,
      "rev_growth_yoy_accel": -0.4199550278594012,
      "fcf_margin_change": 0.30509787528305954
    },
    {
      "date": "2025-09-30T00:00:00",
      "quarter_label": "2025-09 (Q3)",
      "revenue": 450053000,
      "gross_profit": null,
      "operating_income": -86181000,
      "net_income": -95905000,
      "opex": 536234000,
      "cogs": null,
      "rd": null,
      "sga": null,
      "fcf": 114168000,
      "ocf": 114168000,
      "capex": null,
      "gross_margin": null,
      "op_margin": -0.19149077997480296,
      "fcf_margin": 0.25367678917816344,
      "incr_op_margin_yoy": 1.8524471156281128,
      "rev_growth_yoy": -0.11630596560675141,
      "rev_growth_yoy_accel": 0.11029988145196501,
      "op_leverage_ratio": Infinity,
      "fcf_margin_change": -0.5742478954971881
    }
  ],
  "signals": [
    {
      "quarter": "2025-09 (Q3)",
      "signal": "YoY REVENUE GROWTH ACCELERATION",
      "detail": "YoY growth: -11.6% vs prior quarter YoY: -22.7% (accel: +11.0%)",
      "severity": "MEDIUM"
    },
    {
      "quarter": "2025-06 (Q2)",
      "signal": "FCF MARGIN EXPANSION",
      "detail": "FCF margin: +52.3% -> +82.8% (+30.5%)",
      "severity": "MEDIUM"
    },
    {
      "quarter": "2025-06 (Q2)",
      "signal": "YoY REVENUE GROWTH DECELERATION",
      "detail": "YoY growth: -22.7% vs prior quarter YoY: +19.3% (decel: -42.0%)",
      "severity": "WARNING"
    },
    {
      "quarter": "2025-03 (Q1)",
      "signal": "OPERATING LEVERAGE",
      "detail": "Rev growth +5.7% vs OpEx growth +2.5% (leverage: 2.3x)",
      "severity": "MEDIUM"
    },
    {
      "quarter": "2025-03 (Q1)",
      "signal": "YoY REVENUE GROWTH DECELERATION",
      "detail": "YoY growth: +19.3% vs prior quarter YoY: +26.0% (decel: -6.7%)",
      "severity": "WARNING"
    },
    {
      "quarter": "2024-12 (Q4)",
      "signal": "FCF MARGIN EXPANSION",
      "detail": "FCF margin: +44.7% -> +72.0% (+27.3%)",
      "severity": "MEDIUM"
    },
    {
      "quarter": "2024-12 (Q4)",
      "signal": "YoY REVENUE GROWTH DECELERATION",
      "detail": "YoY growth: +26.0% vs prior quarter YoY: +32.9% (decel: -6.9%)",
      "severity": "WARNING"
    },
    {
      "quarter": "2024-09 (Q3)",
      "signal": "YoY REVENUE GROWTH DECELERATION",
      "detail": "YoY growth: +32.9% vs prior quarter YoY: +49.6% (decel: -16.6%)",
      "severity": "WARNING"
    },
    {
      "quarter": "2024-06 (Q2)",
      "signal": "FCF MARGIN EXPANSION",
      "detail": "FCF margin: +22.4% -> +52.7% (+30.3%)",
      "severity": "MEDIUM"
    },
    {
      "quarter": "2024-06 (Q2)",
      "signal": "YoY REVENUE GROWTH ACCELERATION",
      "detail": "YoY growth: +49.6% vs prior quarter YoY: +33.3% (accel: +16.3%)",
      "severity": "HIGH"
    },
    {
      "quarter": "2024-03 (Q1)",
      "signal": "OPERATING LEVERAGE",
      "detail": "Rev growth +11.7% vs OpEx growth +3.4% (leverage: 3.4x)",
      "severity": "MEDIUM"
    },
    {
      "quarter": "2024-03 (Q1)",
      "signal": "YoY REVENUE GROWTH ACCELERATION",
      "detail": "YoY growth: +33.3% vs prior quarter YoY: +12.5% (accel: +20.8%)",
      "severity": "HIGH"
    },
    {
      "quarter": "2024-03 (Q1)",
      "signal": "INCREMENTAL MARGIN (YoY)",
      "detail": "YoY Incr OPM: +55.9% vs year-ago OPM: +2.4%",
      "severity": "HIGH"
    },
    {
      "quarter": "2023-12 (Q4)",
      "signal": "FCF MARGIN EXPANSION",
      "detail": "FCF margin: +17.2% -> +45.8% (+28.6%)",
      "severity": "MEDIUM"
    },
    {
      "quarter": "2023-12 (Q4)",
      "signal": "YoY REVENUE GROWTH ACCELERATION",
      "detail": "YoY growth: +12.5% vs prior quarter YoY: +1.6% (accel: +10.9%)",
      "severity": "MEDIUM"
    },
    {
      "quarter": "2023-09 (Q3)",
      "signal": "YoY REVENUE GROWTH ACCELERATION",
      "detail": "YoY growth: +1.6% vs prior quarter YoY: -29.3% (accel: +30.9%)",
      "severity": "HIGH"
    },
    {
      "quarter": "2023-06 (Q2)",
      "signal": "FCF MARGIN EXPANSION",
      "detail": "FCF margin: +19.5% -> +58.3% (+38.9%)",
      "severity": "MEDIUM"
    },
    {
      "quarter": "2023-06 (Q2)",
      "signal": "OPERATING LEVERAGE",
      "detail": "Rev growth +13.8% vs OpEx growth +3.8% (leverage: 3.6x)",
      "severity": "MEDIUM"
    },
    {
      "quarter": "2023-06 (Q2)",
      "signal": "YoY REVENUE GROWTH DECELERATION",
      "detail": "YoY growth: -29.3% vs prior quarter YoY: -22.0% (decel: -7.3%)",
      "severity": "WARNING"
    },
    {
      "quarter": "2023-06 (Q2)",
      "signal": "INCREMENTAL MARGIN (YoY)",
      "detail": "YoY Incr OPM: +155.1% vs year-ago OPM: +53.2%",
      "severity": "HIGH"
    },
    {
      "quarter": "2023-03 (Q1)",
      "signal": "YoY REVENUE GROWTH DECELERATION",
      "detail": "YoY growth: -22.0% vs prior quarter YoY: -10.4% (decel: -11.6%)",
      "severity": "WARNING"
    },
    {
      "quarter": "2023-03 (Q1)",
      "signal": "INCREMENTAL MARGIN (YoY)",
      "detail": "YoY Incr OPM: +230.4% vs year-ago OPM: +52.6%",
      "severity": "HIGH"
    },
    {
      "quarter": "2022-12 (Q4)",
      "signal": "YoY REVENUE GROWTH DECELERATION",
      "detail": "YoY growth: -10.4% vs prior quarter YoY: +29.6% (decel: -40.0%)",
      "severity": "WARNING"
    },
    {
      "quarter": "2022-12 (Q4)",
      "signal": "INCREMENTAL MARGIN (YoY)",
      "detail": "YoY Incr OPM: +114.9% vs year-ago OPM: +32.5%",
      "severity": "HIGH"
    },
    {
      "quarter": "2022-09 (Q3)",
      "signal": "YoY REVENUE GROWTH DECELERATION",
      "detail": "YoY growth: +29.6% vs prior quarter YoY: +70.9% (decel: -41.2%)",
      "severity": "WARNING"
    },
    {
      "quarter": "2022-09 (Q3)",
      "signal": "INCREMENTAL MARGIN (YoY)",
      "detail": "YoY Incr OPM: +83.1% vs year-ago OPM: +31.7%",
      "severity": "HIGH"
    },
    {
      "quarter": "2022-06 (Q2)",
      "signal": "FCF MARGIN EXPANSION",
      "detail": "FCF margin: +27.5% -> +46.4% (+18.9%)",
      "severity": "MEDIUM"
    },
    {
      "quarter": "2022-06 (Q2)",
      "signal": "YoY REVENUE GROWTH ACCELERATION",
      "detail": "YoY growth: +70.9% vs prior quarter YoY: +54.4% (accel: +16.5%)",
      "severity": "HIGH"
    },
    {
      "quarter": "2022-06 (Q2)",
      "signal": "INCREMENTAL MARGIN (YoY)",
      "detail": "YoY Incr OPM: +84.8% vs year-ago OPM: +30.7%",
      "severity": "HIGH"
    },
    {
      "quarter": "2022-03 (Q1)",
      "signal": "YoY REVENUE GROWTH DECELERATION",
      "detail": "YoY growth: +54.4% vs prior quarter YoY: +117.4% (decel: -63.0%)",
      "severity": "WARNING"
    },
    {
      "quarter": "2022-03 (Q1)",
      "signal": "INCREMENTAL MARGIN (YoY)",
      "detail": "YoY Incr OPM: +105.0% vs year-ago OPM: +24.1%",
      "severity": "HIGH"
    },
    {
      "quarter": "2021-12 (Q4)",
      "signal": "OP MARGIN TURNED POSITIVE (YoY)",
      "detail": "Op margin: -162.4% (year-ago) -> +32.5%",
      "severity": "HIGH"
    },
    {
      "quarter": "2021-06 (Q2)",
      "signal": "FCF MARGIN EXPANSION",
      "detail": "FCF margin: +25.0% -> +43.5% (+18.5%)",
      "severity": "MEDIUM"
    },
    {
      "quarter": "2021-06 (Q2)",
      "signal": "OPERATING LEVERAGE",
      "detail": "Rev growth +13.4% vs OpEx growth +3.5% (leverage: 3.8x)",
      "severity": "MEDIUM"
    },
    {
      "quarter": "2021-03 (Q1)",
      "signal": "OP MARGIN TURNED POSITIVE (QoQ)",
      "detail": "Op margin: -162.4% -> +24.1%",
      "severity": "HIGH"
    }
  ],
  "data_quality": {
    "n_quarters": 20,
    "coverage": {
      "revenue": [
        20,
        20
      ],
      "gross_profit": [
        0,
        20
      ],
      "op_income": [
        20,
        20
      ],
      "fcf": [
        20,
        20
      ]
    },
    "gaps": [],
    "warnings": [
      "gross_profit: no data"
    ]
  },
  "market_cap": null,
  "source": "SEC EDGAR",
  "last_updated": "2026-02-02T21:35:58.631767"
}