{
  "ticker": "TBPH",
  "name": "THERAVANCE BIOPHARMA,\u00a0INC.",
  "quarters": [
    {
      "date": "2020-12-31T00:00:00",
      "quarter_label": "2020-12 (Q4)",
      "revenue": 18730000,
      "gross_profit": null,
      "operating_income": -76490000,
      "net_income": -58434000,
      "opex": 95220000,
      "cogs": null,
      "rd": 65165000,
      "sga": 30055000,
      "fcf": -64925000,
      "ocf": -64925000,
      "capex": null,
      "gross_margin": null,
      "op_margin": -4.083822744260544,
      "fcf_margin": -3.4663641217298453
    },
    {
      "date": "2021-03-31T00:00:00",
      "quarter_label": "2021-03 (Q1)",
      "revenue": 14257000,
      "gross_profit": null,
      "operating_income": -83892000,
      "net_income": -79679000,
      "opex": 98149000,
      "cogs": null,
      "rd": 67599000,
      "sga": 30550000,
      "fcf": -69865000,
      "ocf": -69865000,
      "capex": null,
      "gross_margin": null,
      "op_margin": -5.884267377428632,
      "fcf_margin": -4.9003998036052465,
      "fcf_margin_change": -1.4340356818754012
    },
    {
      "date": "2021-06-30T00:00:00",
      "quarter_label": "2021-06 (Q2)",
      "revenue": 12914000,
      "gross_profit": null,
      "operating_income": -64110000,
      "net_income": -52405000,
      "opex": 77024000,
      "cogs": null,
      "rd": 51093000,
      "sga": 25931000,
      "fcf": -50113000,
      "ocf": -50113000,
      "capex": null,
      "gross_margin": null,
      "op_margin": -4.964379742914666,
      "fcf_margin": -3.880517268081152,
      "fcf_margin_change": 1.0198825355240944
    },
    {
      "date": "2021-09-30T00:00:00",
      "quarter_label": "2021-09 (Q3)",
      "revenue": 13194000,
      "gross_profit": null,
      "operating_income": -53615000,
      "net_income": -35308000,
      "opex": 66809000,
      "cogs": null,
      "rd": 43739000,
      "sga": 21299000,
      "fcf": -45446000,
      "ocf": -45446000,
      "capex": null,
      "gross_margin": null,
      "op_margin": -4.063589510383507,
      "fcf_margin": -3.4444444444444446,
      "op_leverage_ratio": Infinity,
      "fcf_margin_change": 0.4360728236367075
    },
    {
      "date": "2021-12-31T00:00:00",
      "quarter_label": "2021-12 (Q4)",
      "revenue": 14946000,
      "gross_profit": null,
      "operating_income": -56167000,
      "net_income": -32034000,
      "opex": 71113000,
      "cogs": null,
      "rd": 31226000,
      "sga": 21516000,
      "fcf": -42434000,
      "ocf": -42434000,
      "capex": null,
      "gross_margin": null,
      "op_margin": -3.7579954502877024,
      "fcf_margin": -2.839154288772916,
      "incr_op_margin_yoy": -5.370771670190275,
      "rev_growth_yoy": -0.20202883075280298,
      "op_leverage_ratio": 2.0612009345241415,
      "fcf_margin_change": 0.6052901556715287
    },
    {
      "date": "2022-03-31T00:00:00",
      "quarter_label": "2022-03 (Q1)",
      "revenue": 13196000,
      "gross_profit": null,
      "operating_income": -38502000,
      "net_income": -25946000,
      "opex": 51698000,
      "cogs": null,
      "rd": 23253000,
      "sga": 19121000,
      "fcf": -26069000,
      "ocf": -26069000,
      "capex": null,
      "gross_margin": null,
      "op_margin": -2.9177023340406185,
      "fcf_margin": -1.9755228857229463,
      "incr_op_margin_yoy": -42.780395852968894,
      "rev_growth_yoy": -0.07441958336255874,
      "rev_growth_yoy_accel": 0.12760924739024423,
      "fcf_margin_change": 0.8636314030499697
    },
    {
      "date": "2022-06-30T00:00:00",
      "quarter_label": "2022-06 (Q2)",
      "revenue": 11050000,
      "gross_profit": null,
      "operating_income": -26879000,
      "net_income": -8191000,
      "opex": 37929000,
      "cogs": null,
      "rd": 15571000,
      "sga": 16986000,
      "fcf": -14730000,
      "ocf": -14730000,
      "capex": null,
      "gross_margin": null,
      "op_margin": -2.4324886877828056,
      "fcf_margin": -1.3330316742081447,
      "incr_op_margin_yoy": -19.973712446351932,
      "rev_growth_yoy": -0.14433947653709153,
      "rev_growth_yoy_accel": -0.06991989317453279,
      "fcf_margin_change": 0.6424912115148016
    },
    {
      "date": "2022-09-30T00:00:00",
      "quarter_label": "2022-09 (Q3)",
      "revenue": 12451000,
      "gross_profit": null,
      "operating_income": -14202000,
      "net_income": 916631000,
      "opex": 26653000,
      "cogs": null,
      "rd": 9867000,
      "sga": 16277000,
      "fcf": -22137000,
      "ocf": -22137000,
      "capex": null,
      "gross_margin": null,
      "op_margin": -1.140631274596418,
      "fcf_margin": -1.7779294835756163,
      "rev_growth_yoy": -0.05631347582234349,
      "rev_growth_yoy_accel": 0.08802600071474805,
      "op_leverage_ratio": Infinity,
      "fcf_margin_change": -0.4448978093674716
    },
    {
      "date": "2022-12-31T00:00:00",
      "quarter_label": "2022-12 (Q4)",
      "revenue": 14649000,
      "gross_profit": null,
      "operating_income": -17432000,
      "net_income": -10362000,
      "opex": 32081000,
      "cogs": null,
      "rd": 14701000,
      "sga": 15968000,
      "fcf": -124055000,
      "ocf": -124055000,
      "capex": null,
      "gross_margin": null,
      "op_margin": -1.1899788381459486,
      "fcf_margin": -8.468496143081438,
      "rev_growth_yoy": -0.019871537535126455,
      "rev_growth_yoy_accel": 0.036441938287217035,
      "op_leverage_ratio": 0.8668215809806423,
      "fcf_margin_change": -6.690566659505822
    },
    {
      "date": "2023-03-31T00:00:00",
      "quarter_label": "2023-03 (Q1)",
      "revenue": 10417000,
      "gross_profit": null,
      "operating_income": -24912000,
      "net_income": -22088000,
      "opex": 35329000,
      "cogs": null,
      "rd": 14572000,
      "sga": 19183000,
      "fcf": -11221000,
      "ocf": -11221000,
      "capex": null,
      "gross_margin": null,
      "op_margin": -2.391475472784871,
      "fcf_margin": -1.077181530191034,
      "incr_op_margin_yoy": -4.890248290752069,
      "rev_growth_yoy": -0.21059411943013034,
      "rev_growth_yoy_accel": -0.19072258189500388,
      "fcf_margin_change": 7.391314612890405
    },
    {
      "date": "2023-06-30T00:00:00",
      "quarter_label": "2023-06 (Q2)",
      "revenue": 13749000,
      "gross_profit": null,
      "operating_income": -16123000,
      "net_income": -15645000,
      "opex": 29872000,
      "cogs": null,
      "rd": 9425000,
      "sga": 19278000,
      "fcf": -12436000,
      "ocf": -12436000,
      "capex": null,
      "gross_margin": null,
      "op_margin": -1.1726671030620408,
      "fcf_margin": -0.9045021456105898,
      "incr_op_margin_yoy": 3.9851796961837715,
      "rev_growth_yoy": 0.24425339366515836,
      "rev_growth_yoy_accel": 0.4548475130952887,
      "op_leverage_ratio": Infinity,
      "fcf_margin_change": 0.17267938458044407
    },
    {
      "date": "2023-09-30T00:00:00",
      "quarter_label": "2023-09 (Q3)",
      "revenue": 15693000,
      "gross_profit": null,
      "operating_income": -8760000,
      "net_income": -8950000,
      "opex": 24453000,
      "cogs": null,
      "rd": 8311000,
      "sga": 16142000,
      "fcf": -2486000,
      "ocf": -2486000,
      "capex": null,
      "gross_margin": null,
      "op_margin": -0.5582106671764481,
      "fcf_margin": -0.15841457974893264,
      "incr_op_margin_yoy": 1.6785934608266502,
      "rev_growth_yoy": 0.2603806923138704,
      "rev_growth_yoy_accel": 0.01612729864871204,
      "op_leverage_ratio": Infinity,
      "fcf_margin_change": 0.7460875658616573
    },
    {
      "date": "2023-12-31T00:00:00",
      "quarter_label": "2023-12 (Q4)",
      "revenue": 17565000,
      "gross_profit": null,
      "operating_income": -6240000,
      "net_income": -8510000,
      "opex": 23805000,
      "cogs": null,
      "rd": 8313000,
      "sga": 15492000,
      "fcf": -854000,
      "ocf": -854000,
      "capex": null,
      "gross_margin": null,
      "op_margin": -0.3552519214346712,
      "fcf_margin": -0.048619413606604045,
      "incr_op_margin_yoy": 3.8381344307270235,
      "rev_growth_yoy": 0.1990579561744829,
      "rev_growth_yoy_accel": -0.06132273613938749,
      "op_leverage_ratio": Infinity,
      "fcf_margin_change": 0.10979516614232859
    },
    {
      "date": "2024-03-31T00:00:00",
      "quarter_label": "2024-03 (Q1)",
      "revenue": 14503000,
      "gross_profit": null,
      "operating_income": -11207000,
      "net_income": -11664000,
      "opex": 25710000,
      "cogs": null,
      "rd": 8968000,
      "sga": 16742000,
      "fcf": -1022000,
      "ocf": -1022000,
      "capex": null,
      "gross_margin": null,
      "op_margin": -0.7727366751706544,
      "fcf_margin": -0.07046817899744881,
      "incr_op_margin_yoy": 3.3541360744003916,
      "rev_growth_yoy": 0.3922434482096573,
      "rev_growth_yoy_accel": 0.19318549203517438,
      "fcf_margin_change": -0.021848765390844765
    },
    {
      "date": "2024-06-30T00:00:00",
      "quarter_label": "2024-06 (Q2)",
      "revenue": 14256000,
      "gross_profit": null,
      "operating_income": -15705000,
      "net_income": -16529000,
      "opex": 29961000,
      "cogs": null,
      "rd": 9954000,
      "sga": 17056000,
      "fcf": -4415000,
      "ocf": -4415000,
      "capex": null,
      "gross_margin": null,
      "op_margin": -1.1016414141414141,
      "fcf_margin": -0.30969416386083054,
      "rev_growth_yoy": 0.036875409120663324,
      "rev_growth_yoy_accel": -0.35536803908899395,
      "fcf_margin_change": -0.23922598486338173
    },
    {
      "date": "2024-09-30T00:00:00",
      "quarter_label": "2024-09 (Q3)",
      "revenue": 16868000,
      "gross_profit": null,
      "operating_income": -10837000,
      "net_income": -12698000,
      "opex": 27705000,
      "cogs": null,
      "rd": 9268000,
      "sga": 16875000,
      "fcf": -5196000,
      "ocf": -5196000,
      "capex": null,
      "gross_margin": null,
      "op_margin": -0.6424590941427555,
      "fcf_margin": -0.3080388902063078,
      "incr_op_margin_yoy": -1.7676595744680852,
      "rev_growth_yoy": 0.0748741477091697,
      "rev_growth_yoy_accel": 0.03799873858850637,
      "op_leverage_ratio": Infinity,
      "fcf_margin_change": 0.0016552736545227265
    },
    {
      "date": "2024-12-31T00:00:00",
      "quarter_label": "2024-12 (Q4)",
      "revenue": 18754000,
      "gross_profit": null,
      "operating_income": -9200000,
      "net_income": -15527000,
      "opex": 27954000,
      "cogs": null,
      "rd": 9453000,
      "sga": 18501000,
      "fcf": -902000,
      "ocf": -902000,
      "capex": null,
      "gross_margin": null,
      "op_margin": -0.4905620134371334,
      "fcf_margin": -0.04809640610003199,
      "incr_op_margin_yoy": -2.4894869638351556,
      "rev_growth_yoy": 0.0676914318246513,
      "rev_growth_yoy_accel": -0.007182715884518395,
      "op_leverage_ratio": 12.44047329941059,
      "fcf_margin_change": 0.25994248410627585
    },
    {
      "date": "2025-03-31T00:00:00",
      "quarter_label": "2025-03 (Q1)",
      "revenue": 15388000,
      "gross_profit": null,
      "operating_income": -14434000,
      "net_income": -13579000,
      "opex": 29822000,
      "cogs": null,
      "rd": 11452000,
      "sga": 18370000,
      "fcf": 43039000,
      "ocf": 43039000,
      "capex": null,
      "gross_margin": null,
      "op_margin": -0.9380036391993761,
      "fcf_margin": 2.796919677670912,
      "rev_growth_yoy": 0.06102185754671447,
      "rev_growth_yoy_accel": -0.006669574277936831,
      "fcf_margin_change": 2.845016083770944
    },
    {
      "date": "2025-06-30T00:00:00",
      "quarter_label": "2025-06 (Q2)",
      "revenue": 26195000,
      "gross_profit": null,
      "operating_income": -2725000,
      "net_income": 54835000,
      "opex": 28920000,
      "cogs": null,
      "rd": 10490000,
      "sga": 18430000,
      "fcf": 208074000,
      "ocf": 208074000,
      "capex": null,
      "gross_margin": null,
      "op_margin": -0.10402748616148119,
      "fcf_margin": 7.943271616720748,
      "incr_op_margin_yoy": 1.0871932322640088,
      "rev_growth_yoy": 0.8374719416386083,
      "rev_growth_yoy_accel": 0.7764500840918938,
      "op_leverage_ratio": Infinity,
      "fcf_margin_change": 5.146351939049836
    },
    {
      "date": "2025-09-30T00:00:00",
      "quarter_label": "2025-09 (Q3)",
      "revenue": 19990000,
      "gross_profit": null,
      "operating_income": -6455000,
      "net_income": 3615000,
      "opex": 26445000,
      "cogs": null,
      "rd": 8112000,
      "sga": 18333000,
      "fcf": -6508000,
      "ocf": -6508000,
      "capex": null,
      "gross_margin": null,
      "op_margin": -0.32291145572786395,
      "fcf_margin": -0.32556278139069533,
      "incr_op_margin_yoy": 1.4035874439461884,
      "rev_growth_yoy": 0.18508418306853214,
      "rev_growth_yoy_accel": -0.6523877585700761,
      "fcf_margin_change": -8.268834398111444
    }
  ],
  "signals": [
    {
      "quarter": "2025-09 (Q3)",
      "signal": "YoY REVENUE GROWTH DECELERATION",
      "detail": "YoY growth: +18.5% vs prior quarter YoY: +83.7% (decel: -65.2%)",
      "severity": "WARNING"
    },
    {
      "quarter": "2025-06 (Q2)",
      "signal": "FCF MARGIN EXPANSION",
      "detail": "FCF margin: +279.7% -> +794.3% (+514.6%)",
      "severity": "MEDIUM"
    },
    {
      "quarter": "2025-06 (Q2)",
      "signal": "YoY REVENUE GROWTH ACCELERATION",
      "detail": "YoY growth: +83.7% vs prior quarter YoY: +6.1% (accel: +77.6%)",
      "severity": "HIGH"
    },
    {
      "quarter": "2025-03 (Q1)",
      "signal": "FCF TURNED POSITIVE",
      "detail": "FCF margin: -4.8% -> +279.7%",
      "severity": "HIGH"
    },
    {
      "quarter": "2024-12 (Q4)",
      "signal": "FCF MARGIN EXPANSION",
      "detail": "FCF margin: -30.8% -> -4.8% (+26.0%)",
      "severity": "MEDIUM"
    },
    {
      "quarter": "2024-12 (Q4)",
      "signal": "OPERATING LEVERAGE",
      "detail": "Rev growth +11.2% vs OpEx growth +0.9% (leverage: 12.4x)",
      "severity": "MEDIUM"
    },
    {
      "quarter": "2024-06 (Q2)",
      "signal": "YoY REVENUE GROWTH DECELERATION",
      "detail": "YoY growth: +3.7% vs prior quarter YoY: +39.2% (decel: -35.5%)",
      "severity": "WARNING"
    },
    {
      "quarter": "2024-03 (Q1)",
      "signal": "YoY REVENUE GROWTH ACCELERATION",
      "detail": "YoY growth: +39.2% vs prior quarter YoY: +19.9% (accel: +19.3%)",
      "severity": "HIGH"
    },
    {
      "quarter": "2023-12 (Q4)",
      "signal": "FCF MARGIN EXPANSION",
      "detail": "FCF margin: -15.8% -> -4.9% (+11.0%)",
      "severity": "MEDIUM"
    },
    {
      "quarter": "2023-12 (Q4)",
      "signal": "YoY REVENUE GROWTH DECELERATION",
      "detail": "YoY growth: +19.9% vs prior quarter YoY: +26.0% (decel: -6.1%)",
      "severity": "WARNING"
    },
    {
      "quarter": "2023-09 (Q3)",
      "signal": "FCF MARGIN EXPANSION",
      "detail": "FCF margin: -90.5% -> -15.8% (+74.6%)",
      "severity": "MEDIUM"
    },
    {
      "quarter": "2023-06 (Q2)",
      "signal": "FCF MARGIN EXPANSION",
      "detail": "FCF margin: -107.7% -> -90.5% (+17.3%)",
      "severity": "MEDIUM"
    },
    {
      "quarter": "2023-06 (Q2)",
      "signal": "YoY REVENUE GROWTH ACCELERATION",
      "detail": "YoY growth: +24.4% vs prior quarter YoY: -21.1% (accel: +45.5%)",
      "severity": "HIGH"
    },
    {
      "quarter": "2023-03 (Q1)",
      "signal": "FCF MARGIN EXPANSION",
      "detail": "FCF margin: -846.8% -> -107.7% (+739.1%)",
      "severity": "MEDIUM"
    },
    {
      "quarter": "2023-03 (Q1)",
      "signal": "YoY REVENUE GROWTH DECELERATION",
      "detail": "YoY growth: -21.1% vs prior quarter YoY: -2.0% (decel: -19.1%)",
      "severity": "WARNING"
    },
    {
      "quarter": "2022-09 (Q3)",
      "signal": "YoY REVENUE GROWTH ACCELERATION",
      "detail": "YoY growth: -5.6% vs prior quarter YoY: -14.4% (accel: +8.8%)",
      "severity": "MEDIUM"
    },
    {
      "quarter": "2022-06 (Q2)",
      "signal": "FCF MARGIN EXPANSION",
      "detail": "FCF margin: -197.6% -> -133.3% (+64.2%)",
      "severity": "MEDIUM"
    },
    {
      "quarter": "2022-06 (Q2)",
      "signal": "YoY REVENUE GROWTH DECELERATION",
      "detail": "YoY growth: -14.4% vs prior quarter YoY: -7.4% (decel: -7.0%)",
      "severity": "WARNING"
    },
    {
      "quarter": "2022-03 (Q1)",
      "signal": "FCF MARGIN EXPANSION",
      "detail": "FCF margin: -283.9% -> -197.6% (+86.4%)",
      "severity": "MEDIUM"
    },
    {
      "quarter": "2022-03 (Q1)",
      "signal": "YoY REVENUE GROWTH ACCELERATION",
      "detail": "YoY growth: -7.4% vs prior quarter YoY: -20.2% (accel: +12.8%)",
      "severity": "MEDIUM"
    },
    {
      "quarter": "2021-12 (Q4)",
      "signal": "FCF MARGIN EXPANSION",
      "detail": "FCF margin: -344.4% -> -283.9% (+60.5%)",
      "severity": "MEDIUM"
    },
    {
      "quarter": "2021-12 (Q4)",
      "signal": "OPERATING LEVERAGE",
      "detail": "Rev growth +13.3% vs OpEx growth +6.4% (leverage: 2.1x)",
      "severity": "MEDIUM"
    },
    {
      "quarter": "2021-09 (Q3)",
      "signal": "FCF MARGIN EXPANSION",
      "detail": "FCF margin: -388.1% -> -344.4% (+43.6%)",
      "severity": "MEDIUM"
    },
    {
      "quarter": "2021-06 (Q2)",
      "signal": "FCF MARGIN EXPANSION",
      "detail": "FCF margin: -490.0% -> -388.1% (+102.0%)",
      "severity": "MEDIUM"
    }
  ],
  "data_quality": {
    "n_quarters": 20,
    "coverage": {
      "revenue": [
        20,
        20
      ],
      "gross_profit": [
        0,
        20
      ],
      "op_income": [
        20,
        20
      ],
      "fcf": [
        20,
        20
      ]
    },
    "gaps": [],
    "warnings": [
      "gross_profit: no data"
    ]
  },
  "market_cap": null,
  "source": "SEC EDGAR",
  "last_updated": "2026-02-02T22:01:12.523467"
}