{
  "ticker": "TCBK",
  "name": "TriCo Bancshares",
  "quarters": [
    {
      "date": "2020-12-31T00:00:00",
      "quarter_label": "2020-12 (Q4)",
      "revenue": 10218000,
      "gross_profit": null,
      "operating_income": null,
      "net_income": 23657000,
      "opex": null,
      "cogs": null,
      "rd": null,
      "sga": null,
      "fcf": 35746000,
      "ocf": 36218000,
      "capex": -472000,
      "gross_margin": null,
      "op_margin": null,
      "fcf_margin": 3.498336269328636
    },
    {
      "date": "2021-03-31T00:00:00",
      "quarter_label": "2021-03 (Q1)",
      "revenue": 10476000,
      "gross_profit": null,
      "operating_income": null,
      "net_income": 33649000,
      "opex": null,
      "cogs": null,
      "rd": null,
      "sga": null,
      "fcf": 41008000,
      "ocf": 41196000,
      "capex": -188000,
      "gross_margin": null,
      "op_margin": null,
      "fcf_margin": 3.914471172203131,
      "fcf_margin_change": 0.41613490287449517
    },
    {
      "date": "2021-06-30T00:00:00",
      "quarter_label": "2021-06 (Q2)",
      "revenue": 10930000,
      "gross_profit": null,
      "operating_income": null,
      "net_income": 28362000,
      "opex": null,
      "cogs": null,
      "rd": null,
      "sga": null,
      "fcf": 16944000,
      "ocf": 17610000,
      "capex": -666000,
      "gross_margin": null,
      "op_margin": null,
      "fcf_margin": 1.5502287282708143,
      "fcf_margin_change": -2.3642424439323166
    },
    {
      "date": "2021-09-30T00:00:00",
      "quarter_label": "2021-09 (Q3)",
      "revenue": 11265000,
      "gross_profit": null,
      "operating_income": null,
      "net_income": 27422000,
      "opex": null,
      "cogs": null,
      "rd": null,
      "sga": null,
      "fcf": 39853000,
      "ocf": 41113000,
      "capex": -1260000,
      "gross_margin": null,
      "op_margin": null,
      "fcf_margin": 3.5377718597425654,
      "fcf_margin_change": 1.987543131471751
    },
    {
      "date": "2021-12-31T00:00:00",
      "quarter_label": "2021-12 (Q4)",
      "revenue": 11277000,
      "gross_profit": null,
      "operating_income": null,
      "net_income": 28222000,
      "opex": null,
      "cogs": null,
      "rd": null,
      "sga": null,
      "fcf": 31206000,
      "ocf": 32288000,
      "capex": -1082000,
      "gross_margin": null,
      "op_margin": null,
      "fcf_margin": 2.7672253258845436,
      "rev_growth_yoy": 0.10364063417498531,
      "fcf_margin_change": -0.7705465338580217
    },
    {
      "date": "2022-03-31T00:00:00",
      "quarter_label": "2022-03 (Q1)",
      "revenue": 11696000,
      "gross_profit": null,
      "operating_income": null,
      "net_income": 20374000,
      "opex": null,
      "cogs": null,
      "rd": null,
      "sga": null,
      "fcf": 34214000,
      "ocf": 34845000,
      "capex": -631000,
      "gross_margin": null,
      "op_margin": null,
      "fcf_margin": 2.9252735978112177,
      "rev_growth_yoy": 0.11645666284841542,
      "rev_growth_yoy_accel": 0.01281602867343011,
      "fcf_margin_change": 0.15804827192667403
    },
    {
      "date": "2022-06-30T00:00:00",
      "quarter_label": "2022-06 (Q2)",
      "revenue": 13044000,
      "gross_profit": null,
      "operating_income": null,
      "net_income": 31364000,
      "opex": null,
      "cogs": null,
      "rd": null,
      "sga": null,
      "fcf": 35703000,
      "ocf": 37295000,
      "capex": -1592000,
      "gross_margin": null,
      "op_margin": null,
      "fcf_margin": 2.737120515179393,
      "rev_growth_yoy": 0.19341262580054894,
      "rev_growth_yoy_accel": 0.07695596295213351,
      "fcf_margin_change": -0.18815308263182473
    },
    {
      "date": "2022-09-30T00:00:00",
      "quarter_label": "2022-09 (Q3)",
      "revenue": 12682000,
      "gross_profit": null,
      "operating_income": null,
      "net_income": 37338000,
      "opex": null,
      "cogs": null,
      "rd": null,
      "sga": null,
      "fcf": 34944000,
      "ocf": 35851000,
      "capex": -907000,
      "gross_margin": null,
      "op_margin": null,
      "fcf_margin": 2.755401356252957,
      "rev_growth_yoy": 0.12578783843763872,
      "rev_growth_yoy_accel": -0.06762478736291022,
      "fcf_margin_change": 0.01828084107356398
    },
    {
      "date": "2022-12-31T00:00:00",
      "quarter_label": "2022-12 (Q4)",
      "revenue": 12343000,
      "gross_profit": null,
      "operating_income": null,
      "net_income": 36343000,
      "opex": null,
      "cogs": null,
      "rd": null,
      "sga": null,
      "fcf": 54411000,
      "ocf": 54904000,
      "capex": -493000,
      "gross_margin": null,
      "op_margin": null,
      "fcf_margin": 4.408247589726971,
      "rev_growth_yoy": 0.09452868670745766,
      "rev_growth_yoy_accel": -0.03125915173018105,
      "fcf_margin_change": 1.6528462334740137
    },
    {
      "date": "2023-03-31T00:00:00",
      "quarter_label": "2023-03 (Q1)",
      "revenue": 11197000,
      "gross_profit": null,
      "operating_income": null,
      "net_income": 35833000,
      "opex": null,
      "cogs": null,
      "rd": null,
      "sga": null,
      "fcf": 37742000,
      "ocf": 38955000,
      "capex": -1213000,
      "gross_margin": null,
      "op_margin": null,
      "fcf_margin": 3.3707243011520944,
      "rev_growth_yoy": -0.042664158686730506,
      "rev_growth_yoy_accel": -0.13719284539418816,
      "fcf_margin_change": -1.0375232885748762
    },
    {
      "date": "2023-06-30T00:00:00",
      "quarter_label": "2023-06 (Q2)",
      "revenue": 12968000,
      "gross_profit": null,
      "operating_income": null,
      "net_income": 24892000,
      "opex": null,
      "cogs": null,
      "rd": null,
      "sga": null,
      "fcf": 15216000,
      "ocf": 17241000,
      "capex": -2025000,
      "gross_margin": null,
      "op_margin": null,
      "fcf_margin": 1.173349784083899,
      "rev_growth_yoy": -0.005826433609322294,
      "rev_growth_yoy_accel": 0.036837725077408214,
      "fcf_margin_change": -2.1973745170681953
    },
    {
      "date": "2023-09-30T00:00:00",
      "quarter_label": "2023-09 (Q3)",
      "revenue": 13075000,
      "gross_profit": null,
      "operating_income": null,
      "net_income": 30590000,
      "opex": null,
      "cogs": null,
      "rd": null,
      "sga": null,
      "fcf": 45534000,
      "ocf": 46181000,
      "capex": -647000,
      "gross_margin": null,
      "op_margin": null,
      "fcf_margin": 3.482523900573614,
      "rev_growth_yoy": 0.03098880302791358,
      "rev_growth_yoy_accel": 0.036815236637235876,
      "fcf_margin_change": 2.3091741164897153
    },
    {
      "date": "2023-12-31T00:00:00",
      "quarter_label": "2023-12 (Q4)",
      "revenue": 12848000,
      "gross_profit": null,
      "operating_income": null,
      "net_income": 26075000,
      "opex": null,
      "cogs": null,
      "rd": null,
      "sga": null,
      "fcf": 35509000,
      "ocf": 36510000,
      "capex": -1001000,
      "gross_margin": null,
      "op_margin": null,
      "fcf_margin": 2.7637764632627646,
      "rev_growth_yoy": 0.04091387831159361,
      "rev_growth_yoy_accel": 0.009925075283680033,
      "fcf_margin_change": -0.7187474373108493
    },
    {
      "date": "2024-03-31T00:00:00",
      "quarter_label": "2024-03 (Q1)",
      "revenue": 12637000,
      "gross_profit": null,
      "operating_income": null,
      "net_income": 27749000,
      "opex": null,
      "cogs": null,
      "rd": null,
      "sga": null,
      "fcf": 24052000,
      "ocf": 25080000,
      "capex": -1028000,
      "gross_margin": null,
      "op_margin": null,
      "fcf_margin": 1.9032998338213183,
      "rev_growth_yoy": 0.12860587657408235,
      "rev_growth_yoy_accel": 0.08769199826248873,
      "fcf_margin_change": -0.8604766294414463
    },
    {
      "date": "2024-06-30T00:00:00",
      "quarter_label": "2024-06 (Q2)",
      "revenue": 12796000,
      "gross_profit": null,
      "operating_income": null,
      "net_income": 29034000,
      "opex": null,
      "cogs": null,
      "rd": null,
      "sga": null,
      "fcf": 30828000,
      "ocf": 31810000,
      "capex": -982000,
      "gross_margin": null,
      "op_margin": null,
      "fcf_margin": 2.4091903719912473,
      "rev_growth_yoy": -0.01326341764342998,
      "rev_growth_yoy_accel": -0.14186929421751232,
      "fcf_margin_change": 0.505890538169929
    },
    {
      "date": "2024-09-30T00:00:00",
      "quarter_label": "2024-09 (Q3)",
      "revenue": 12782000,
      "gross_profit": null,
      "operating_income": null,
      "net_income": 29051000,
      "opex": null,
      "cogs": null,
      "rd": null,
      "sga": null,
      "fcf": 27337000,
      "ocf": 28577000,
      "capex": -1240000,
      "gross_margin": null,
      "op_margin": null,
      "fcf_margin": 2.138710686903458,
      "rev_growth_yoy": -0.022409177820267686,
      "rev_growth_yoy_accel": -0.009145760176837705,
      "fcf_margin_change": -0.2704796850877895
    },
    {
      "date": "2024-12-31T00:00:00",
      "quarter_label": "2024-12 (Q4)",
      "revenue": 13115000,
      "gross_profit": null,
      "operating_income": null,
      "net_income": 29034000,
      "opex": null,
      "cogs": null,
      "rd": null,
      "sga": null,
      "fcf": 22933000,
      "ocf": 24240000,
      "capex": -1307000,
      "gross_margin": null,
      "op_margin": null,
      "fcf_margin": 1.7486084635913077,
      "rev_growth_yoy": 0.020781444582814446,
      "rev_growth_yoy_accel": 0.043190622403082135,
      "fcf_margin_change": -0.39010222331215005
    },
    {
      "date": "2025-03-31T00:00:00",
      "quarter_label": "2025-03 (Q1)",
      "revenue": 12678000,
      "gross_profit": null,
      "operating_income": null,
      "net_income": 26363000,
      "opex": null,
      "cogs": null,
      "rd": null,
      "sga": null,
      "fcf": 22827000,
      "ocf": 24514000,
      "capex": -1687000,
      "gross_margin": null,
      "op_margin": null,
      "fcf_margin": 1.8005205868433507,
      "rev_growth_yoy": 0.003244440927435309,
      "rev_growth_yoy_accel": -0.017537003655379135,
      "fcf_margin_change": 0.051912123252042974
    },
    {
      "date": "2025-06-30T00:00:00",
      "quarter_label": "2025-06 (Q2)",
      "revenue": 13650000,
      "gross_profit": null,
      "operating_income": null,
      "net_income": 27542000,
      "opex": null,
      "cogs": null,
      "rd": null,
      "sga": null,
      "fcf": 28208000,
      "ocf": 29236000,
      "capex": -1028000,
      "gross_margin": null,
      "op_margin": null,
      "fcf_margin": 2.0665201465201464,
      "rev_growth_yoy": 0.06673960612691467,
      "rev_growth_yoy_accel": 0.06349516519947936,
      "fcf_margin_change": 0.26599955967679567
    },
    {
      "date": "2025-09-30T00:00:00",
      "quarter_label": "2025-09 (Q3)",
      "revenue": 13751000,
      "gross_profit": null,
      "operating_income": null,
      "net_income": 34019000,
      "opex": null,
      "cogs": null,
      "rd": null,
      "sga": null,
      "fcf": 43213000,
      "ocf": 45083000,
      "capex": -1870000,
      "gross_margin": null,
      "op_margin": null,
      "fcf_margin": 3.1425350883572105,
      "rev_growth_yoy": 0.07580973243623847,
      "rev_growth_yoy_accel": 0.0090701263093238,
      "fcf_margin_change": 1.0760149418370641
    }
  ],
  "signals": [
    {
      "quarter": "2025-09 (Q3)",
      "signal": "FCF MARGIN EXPANSION",
      "detail": "FCF margin: +206.7% -> +314.3% (+107.6%)",
      "severity": "MEDIUM"
    },
    {
      "quarter": "2025-06 (Q2)",
      "signal": "FCF MARGIN EXPANSION",
      "detail": "FCF margin: +180.1% -> +206.7% (+26.6%)",
      "severity": "MEDIUM"
    },
    {
      "quarter": "2025-06 (Q2)",
      "signal": "YoY REVENUE GROWTH ACCELERATION",
      "detail": "YoY growth: +6.7% vs prior quarter YoY: +0.3% (accel: +6.3%)",
      "severity": "MEDIUM"
    },
    {
      "quarter": "2025-03 (Q1)",
      "signal": "FCF MARGIN EXPANSION",
      "detail": "FCF margin: +174.9% -> +180.1% (+5.2%)",
      "severity": "MEDIUM"
    },
    {
      "quarter": "2024-06 (Q2)",
      "signal": "FCF MARGIN EXPANSION",
      "detail": "FCF margin: +190.3% -> +240.9% (+50.6%)",
      "severity": "MEDIUM"
    },
    {
      "quarter": "2024-06 (Q2)",
      "signal": "YoY REVENUE GROWTH DECELERATION",
      "detail": "YoY growth: -1.3% vs prior quarter YoY: +12.9% (decel: -14.2%)",
      "severity": "WARNING"
    },
    {
      "quarter": "2024-03 (Q1)",
      "signal": "YoY REVENUE GROWTH ACCELERATION",
      "detail": "YoY growth: +12.9% vs prior quarter YoY: +4.1% (accel: +8.8%)",
      "severity": "MEDIUM"
    },
    {
      "quarter": "2023-09 (Q3)",
      "signal": "FCF MARGIN EXPANSION",
      "detail": "FCF margin: +117.3% -> +348.3% (+230.9%)",
      "severity": "MEDIUM"
    },
    {
      "quarter": "2023-03 (Q1)",
      "signal": "YoY REVENUE GROWTH DECELERATION",
      "detail": "YoY growth: -4.3% vs prior quarter YoY: +9.5% (decel: -13.7%)",
      "severity": "WARNING"
    },
    {
      "quarter": "2022-12 (Q4)",
      "signal": "FCF MARGIN EXPANSION",
      "detail": "FCF margin: +275.5% -> +440.8% (+165.3%)",
      "severity": "MEDIUM"
    },
    {
      "quarter": "2022-09 (Q3)",
      "signal": "YoY REVENUE GROWTH DECELERATION",
      "detail": "YoY growth: +12.6% vs prior quarter YoY: +19.3% (decel: -6.8%)",
      "severity": "WARNING"
    },
    {
      "quarter": "2022-06 (Q2)",
      "signal": "YoY REVENUE GROWTH ACCELERATION",
      "detail": "YoY growth: +19.3% vs prior quarter YoY: +11.6% (accel: +7.7%)",
      "severity": "MEDIUM"
    },
    {
      "quarter": "2022-03 (Q1)",
      "signal": "FCF MARGIN EXPANSION",
      "detail": "FCF margin: +276.7% -> +292.5% (+15.8%)",
      "severity": "MEDIUM"
    },
    {
      "quarter": "2021-09 (Q3)",
      "signal": "FCF MARGIN EXPANSION",
      "detail": "FCF margin: +155.0% -> +353.8% (+198.8%)",
      "severity": "MEDIUM"
    },
    {
      "quarter": "2021-03 (Q1)",
      "signal": "FCF MARGIN EXPANSION",
      "detail": "FCF margin: +349.8% -> +391.4% (+41.6%)",
      "severity": "MEDIUM"
    }
  ],
  "data_quality": {
    "n_quarters": 20,
    "coverage": {
      "revenue": [
        20,
        20
      ],
      "gross_profit": [
        0,
        20
      ],
      "op_income": [
        0,
        20
      ],
      "fcf": [
        20,
        20
      ]
    },
    "gaps": [],
    "warnings": [
      "gross_profit: no data",
      "op_income: no data"
    ]
  },
  "market_cap": null,
  "source": "SEC EDGAR",
  "last_updated": "2026-02-02T21:46:06.739042"
}