{
  "ticker": "TCI",
  "name": "TRANSCONTINENTAL REALTY INVESTORS, INC.",
  "quarters": [
    {
      "date": "2020-12-31T00:00:00",
      "quarter_label": "2020-12 (Q4)",
      "revenue": 18679000,
      "gross_profit": null,
      "operating_income": 4020000,
      "net_income": -1479000,
      "opex": 14659000,
      "cogs": null,
      "rd": null,
      "sga": null,
      "fcf": 20848000,
      "ocf": 20848000,
      "capex": null,
      "gross_margin": null,
      "op_margin": 0.2152149472669843,
      "fcf_margin": 1.1161197066224102
    },
    {
      "date": "2021-03-31T00:00:00",
      "quarter_label": "2021-03 (Q1)",
      "revenue": 11828000,
      "gross_profit": null,
      "operating_income": -2226000,
      "net_income": 22632000,
      "opex": 14054000,
      "cogs": null,
      "rd": null,
      "sga": null,
      "fcf": -901000,
      "ocf": -901000,
      "capex": null,
      "gross_margin": null,
      "op_margin": -0.18819749746364559,
      "fcf_margin": -0.07617517754480893,
      "fcf_margin_change": -1.1922948841672192
    },
    {
      "date": "2021-06-30T00:00:00",
      "quarter_label": "2021-06 (Q2)",
      "revenue": 10795000,
      "gross_profit": null,
      "operating_income": -5225000,
      "net_income": -30733000,
      "opex": 16020000,
      "cogs": null,
      "rd": null,
      "sga": null,
      "fcf": 1350000,
      "ocf": 1350000,
      "capex": null,
      "gross_margin": null,
      "op_margin": -0.4840203798054655,
      "fcf_margin": 0.12505789717461788,
      "fcf_margin_change": 0.2012330747194268
    },
    {
      "date": "2021-09-30T00:00:00",
      "quarter_label": "2021-09 (Q3)",
      "revenue": 10034000,
      "gross_profit": null,
      "operating_income": -4558000,
      "net_income": 26246000,
      "opex": 14592000,
      "cogs": null,
      "rd": null,
      "sga": null,
      "fcf": -7647000,
      "ocf": -7647000,
      "capex": null,
      "gross_margin": null,
      "op_margin": -0.4542555311939406,
      "fcf_margin": -0.7621088299780745,
      "fcf_margin_change": -0.8871667271526924
    },
    {
      "date": "2021-12-31T00:00:00",
      "quarter_label": "2021-12 (Q4)",
      "revenue": 8117000,
      "gross_profit": null,
      "operating_income": -4154000,
      "net_income": -8747000,
      "opex": 12271000,
      "cogs": null,
      "rd": null,
      "sga": null,
      "fcf": -3788000,
      "ocf": -3788000,
      "capex": null,
      "gross_margin": null,
      "op_margin": -0.5117654305777997,
      "fcf_margin": -0.4666748798817297,
      "incr_op_margin_yoy": 0.7739064571103957,
      "rev_growth_yoy": -0.5654478291129076,
      "fcf_margin_change": 0.2954339500963448
    },
    {
      "date": "2022-03-31T00:00:00",
      "quarter_label": "2022-03 (Q1)",
      "revenue": 7787000,
      "gross_profit": null,
      "operating_income": -4126000,
      "net_income": 14502000,
      "opex": 11913000,
      "cogs": null,
      "rd": null,
      "sga": null,
      "fcf": -4178000,
      "ocf": -4178000,
      "capex": null,
      "gross_margin": null,
      "op_margin": -0.5298574547322461,
      "fcf_margin": -0.5365352510594581,
      "incr_op_margin_yoy": 0.47018064835436774,
      "rev_growth_yoy": -0.34164693946567465,
      "rev_growth_yoy_accel": 0.22380088964723294,
      "fcf_margin_change": -0.06986037117772842
    },
    {
      "date": "2022-06-30T00:00:00",
      "quarter_label": "2022-06 (Q2)",
      "revenue": 7770000,
      "gross_profit": null,
      "operating_income": -2847000,
      "net_income": 16461000,
      "opex": 10617000,
      "cogs": null,
      "rd": null,
      "sga": null,
      "fcf": -3339000,
      "ocf": -3339000,
      "capex": null,
      "gross_margin": null,
      "op_margin": -0.3664092664092664,
      "fcf_margin": -0.4297297297297297,
      "incr_op_margin_yoy": -0.7861157024793388,
      "rev_growth_yoy": -0.28022232515053264,
      "rev_growth_yoy_accel": 0.06142461431514201,
      "fcf_margin_change": 0.10680552132972837
    },
    {
      "date": "2022-09-30T00:00:00",
      "quarter_label": "2022-09 (Q3)",
      "revenue": 8319000,
      "gross_profit": null,
      "operating_income": -2765000,
      "net_income": 378351000,
      "opex": 11084000,
      "cogs": null,
      "rd": null,
      "sga": null,
      "fcf": 2123000,
      "ocf": 2123000,
      "capex": null,
      "gross_margin": null,
      "op_margin": -0.332371679288376,
      "fcf_margin": 0.25519894218055056,
      "incr_op_margin_yoy": -1.0454810495626823,
      "rev_growth_yoy": -0.1709188758222045,
      "rev_growth_yoy_accel": 0.10930344932832814,
      "op_leverage_ratio": 1.606335518755219,
      "fcf_margin_change": 0.6849286719102803
    },
    {
      "date": "2022-12-31T00:00:00",
      "quarter_label": "2022-12 (Q4)",
      "revenue": 12784000,
      "gross_profit": null,
      "operating_income": 456000,
      "net_income": 58948000,
      "opex": 12328000,
      "cogs": null,
      "rd": null,
      "sga": null,
      "fcf": -40000000,
      "ocf": -40000000,
      "capex": null,
      "gross_margin": null,
      "op_margin": 0.03566958698372966,
      "fcf_margin": -3.1289111389236544,
      "incr_op_margin_yoy": 0.9877865866723805,
      "rev_growth_yoy": 0.574966120487865,
      "rev_growth_yoy_accel": 0.7458849963100695,
      "op_leverage_ratio": 4.782186131850964,
      "fcf_margin_change": -3.384110081104205
    },
    {
      "date": "2023-03-31T00:00:00",
      "quarter_label": "2023-03 (Q1)",
      "revenue": 11688000,
      "gross_profit": null,
      "operating_income": -2573000,
      "net_income": 3517000,
      "opex": 14261000,
      "cogs": null,
      "rd": null,
      "sga": null,
      "fcf": 1533000,
      "ocf": 1533000,
      "capex": null,
      "gross_margin": null,
      "op_margin": -0.22014031485284052,
      "fcf_margin": 0.13116016427104724,
      "incr_op_margin_yoy": 0.3981030504998718,
      "rev_growth_yoy": 0.5009631437010402,
      "rev_growth_yoy_accel": -0.07400297678682477,
      "fcf_margin_change": 3.2600713031947017
    },
    {
      "date": "2023-06-30T00:00:00",
      "quarter_label": "2023-06 (Q2)",
      "revenue": 12239000,
      "gross_profit": null,
      "operating_income": -3513000,
      "net_income": 530000,
      "opex": 15752000,
      "cogs": null,
      "rd": null,
      "sga": null,
      "fcf": -9969000,
      "ocf": -9969000,
      "capex": null,
      "gross_margin": null,
      "op_margin": -0.28703325435084565,
      "fcf_margin": -0.81452733066427,
      "incr_op_margin_yoy": -0.14902662788095772,
      "rev_growth_yoy": 0.5751608751608751,
      "rev_growth_yoy_accel": 0.07419773145983488,
      "op_leverage_ratio": 0.4509036307739203,
      "fcf_margin_change": -0.9456874949353172
    },
    {
      "date": "2023-09-30T00:00:00",
      "quarter_label": "2023-09 (Q3)",
      "revenue": 12525000,
      "gross_profit": null,
      "operating_income": -1775000,
      "net_income": 4451000,
      "opex": 14300000,
      "cogs": null,
      "rd": null,
      "sga": null,
      "fcf": 16282000,
      "ocf": 16282000,
      "capex": null,
      "gross_margin": null,
      "op_margin": -0.14171656686626746,
      "fcf_margin": 1.2999600798403195,
      "incr_op_margin_yoy": 0.23537803138373753,
      "rev_growth_yoy": 0.5055896141363144,
      "rev_growth_yoy_accel": -0.06957126102456068,
      "op_leverage_ratio": Infinity,
      "fcf_margin_change": 2.1144874105045894
    },
    {
      "date": "2023-12-31T00:00:00",
      "quarter_label": "2023-12 (Q4)",
      "revenue": 13453000,
      "gross_profit": null,
      "operating_income": -2131000,
      "net_income": -2561000,
      "opex": 15584000,
      "cogs": null,
      "rd": null,
      "sga": null,
      "fcf": -38919000,
      "ocf": -38919000,
      "capex": null,
      "gross_margin": null,
      "op_margin": -0.1584033301122426,
      "fcf_margin": -2.8929606779157067,
      "rev_growth_yoy": 0.052331038798498125,
      "rev_growth_yoy_accel": -0.4532585753378163,
      "op_leverage_ratio": 0.8251658676416637,
      "fcf_margin_change": -4.192920757756026
    },
    {
      "date": "2024-03-31T00:00:00",
      "quarter_label": "2024-03 (Q1)",
      "revenue": 11899000,
      "gross_profit": null,
      "operating_income": -1333000,
      "net_income": 2549000,
      "opex": 13232000,
      "cogs": null,
      "rd": null,
      "sga": null,
      "fcf": 3869000,
      "ocf": 3869000,
      "capex": null,
      "gross_margin": null,
      "op_margin": -0.11202622069081436,
      "fcf_margin": 0.32515337423312884,
      "rev_growth_yoy": 0.018052703627652295,
      "rev_growth_yoy_accel": -0.03427833517084583,
      "fcf_margin_change": 3.2181140521488354
    },
    {
      "date": "2024-06-30T00:00:00",
      "quarter_label": "2024-06 (Q2)",
      "revenue": 11773000,
      "gross_profit": null,
      "operating_income": -1082000,
      "net_income": 1498000,
      "opex": 12855000,
      "cogs": null,
      "rd": null,
      "sga": null,
      "fcf": -511000,
      "ocf": -511000,
      "capex": null,
      "gross_margin": null,
      "op_margin": -0.09190520682918542,
      "fcf_margin": -0.043404399898071856,
      "rev_growth_yoy": -0.03807500612795163,
      "rev_growth_yoy_accel": -0.056127709755603925,
      "fcf_margin_change": -0.3685577741312007
    },
    {
      "date": "2024-09-30T00:00:00",
      "quarter_label": "2024-09 (Q3)",
      "revenue": 11607000,
      "gross_profit": null,
      "operating_income": -1669000,
      "net_income": 1707000,
      "opex": 13276000,
      "cogs": null,
      "rd": null,
      "sga": null,
      "fcf": 13699000,
      "ocf": 13699000,
      "capex": null,
      "gross_margin": null,
      "op_margin": -0.1437925389850952,
      "fcf_margin": 1.18023606444387,
      "rev_growth_yoy": -0.07329341317365269,
      "rev_growth_yoy_accel": -0.03521840704570106,
      "fcf_margin_change": 1.2236404643419418
    },
    {
      "date": "2024-12-31T00:00:00",
      "quarter_label": "2024-12 (Q4)",
      "revenue": 11791000,
      "gross_profit": null,
      "operating_income": -1690000,
      "net_income": 108000,
      "opex": 13481000,
      "cogs": null,
      "rd": null,
      "sga": null,
      "fcf": -15747000,
      "ocf": -15747000,
      "capex": null,
      "gross_margin": null,
      "op_margin": -0.14332965821389196,
      "fcf_margin": -1.3355101348486134,
      "incr_op_margin_yoy": -0.26534296028880866,
      "rev_growth_yoy": -0.12354121757228871,
      "rev_growth_yoy_accel": -0.05024780439863602,
      "op_leverage_ratio": 1.026623547186622,
      "fcf_margin_change": -2.5157461992924834
    },
    {
      "date": "2025-03-31T00:00:00",
      "quarter_label": "2025-03 (Q1)",
      "revenue": 12008000,
      "gross_profit": null,
      "operating_income": -635000,
      "net_income": 4618000,
      "opex": 12643000,
      "cogs": null,
      "rd": null,
      "sga": null,
      "fcf": -7426000,
      "ocf": -7426000,
      "capex": null,
      "gross_margin": null,
      "op_margin": -0.05288141239173884,
      "fcf_margin": -0.618421052631579,
      "rev_growth_yoy": 0.009160433649886545,
      "rev_growth_yoy_accel": 0.13270165122217525,
      "op_leverage_ratio": Infinity,
      "fcf_margin_change": 0.7170890822170344
    },
    {
      "date": "2025-06-30T00:00:00",
      "quarter_label": "2025-06 (Q2)",
      "revenue": 12160000,
      "gross_profit": null,
      "operating_income": -825000,
      "net_income": 169000,
      "opex": 12985000,
      "cogs": null,
      "rd": null,
      "sga": null,
      "fcf": -2914000,
      "ocf": -2914000,
      "capex": null,
      "gross_margin": null,
      "op_margin": -0.0678453947368421,
      "fcf_margin": -0.23963815789473683,
      "rev_growth_yoy": 0.032871825363119,
      "rev_growth_yoy_accel": 0.023711391713232458,
      "op_leverage_ratio": 0.4679472943963284,
      "fcf_margin_change": 0.3787828947368421
    },
    {
      "date": "2025-09-30T00:00:00",
      "quarter_label": "2025-09 (Q3)",
      "revenue": 12835000,
      "gross_profit": null,
      "operating_income": -1396000,
      "net_income": 724000,
      "opex": 14231000,
      "cogs": null,
      "rd": null,
      "sga": null,
      "fcf": 8165000,
      "ocf": 8165000,
      "capex": null,
      "gross_margin": null,
      "op_margin": -0.10876509544215036,
      "fcf_margin": 0.6361511492014024,
      "incr_op_margin_yoy": 0.22231270358306188,
      "rev_growth_yoy": 0.10579822520892565,
      "rev_growth_yoy_accel": 0.07292639984580665,
      "op_leverage_ratio": 0.5784876737137788,
      "fcf_margin_change": 0.8757893070961392
    }
  ],
  "signals": [
    {
      "quarter": "2025-09 (Q3)",
      "signal": "FCF TURNED POSITIVE",
      "detail": "FCF margin: -24.0% -> +63.6%",
      "severity": "HIGH"
    },
    {
      "quarter": "2025-09 (Q3)",
      "signal": "YoY REVENUE GROWTH ACCELERATION",
      "detail": "YoY growth: +10.6% vs prior quarter YoY: +3.3% (accel: +7.3%)",
      "severity": "MEDIUM"
    },
    {
      "quarter": "2025-06 (Q2)",
      "signal": "FCF MARGIN EXPANSION",
      "detail": "FCF margin: -61.8% -> -24.0% (+37.9%)",
      "severity": "MEDIUM"
    },
    {
      "quarter": "2025-03 (Q1)",
      "signal": "FCF MARGIN EXPANSION",
      "detail": "FCF margin: -133.6% -> -61.8% (+71.7%)",
      "severity": "MEDIUM"
    },
    {
      "quarter": "2025-03 (Q1)",
      "signal": "YoY REVENUE GROWTH ACCELERATION",
      "detail": "YoY growth: +0.9% vs prior quarter YoY: -12.4% (accel: +13.3%)",
      "severity": "MEDIUM"
    },
    {
      "quarter": "2024-12 (Q4)",
      "signal": "YoY REVENUE GROWTH DECELERATION",
      "detail": "YoY growth: -12.4% vs prior quarter YoY: -7.3% (decel: -5.0%)",
      "severity": "WARNING"
    },
    {
      "quarter": "2024-09 (Q3)",
      "signal": "FCF TURNED POSITIVE",
      "detail": "FCF margin: -4.3% -> +118.0%",
      "severity": "HIGH"
    },
    {
      "quarter": "2024-06 (Q2)",
      "signal": "YoY REVENUE GROWTH DECELERATION",
      "detail": "YoY growth: -3.8% vs prior quarter YoY: +1.8% (decel: -5.6%)",
      "severity": "WARNING"
    },
    {
      "quarter": "2024-03 (Q1)",
      "signal": "FCF TURNED POSITIVE",
      "detail": "FCF margin: -289.3% -> +32.5%",
      "severity": "HIGH"
    },
    {
      "quarter": "2023-12 (Q4)",
      "signal": "YoY REVENUE GROWTH DECELERATION",
      "detail": "YoY growth: +5.2% vs prior quarter YoY: +50.6% (decel: -45.3%)",
      "severity": "WARNING"
    },
    {
      "quarter": "2023-09 (Q3)",
      "signal": "FCF TURNED POSITIVE",
      "detail": "FCF margin: -81.5% -> +130.0%",
      "severity": "HIGH"
    },
    {
      "quarter": "2023-09 (Q3)",
      "signal": "YoY REVENUE GROWTH DECELERATION",
      "detail": "YoY growth: +50.6% vs prior quarter YoY: +57.5% (decel: -7.0%)",
      "severity": "WARNING"
    },
    {
      "quarter": "2023-06 (Q2)",
      "signal": "YoY REVENUE GROWTH ACCELERATION",
      "detail": "YoY growth: +57.5% vs prior quarter YoY: +50.1% (accel: +7.4%)",
      "severity": "MEDIUM"
    },
    {
      "quarter": "2023-03 (Q1)",
      "signal": "FCF TURNED POSITIVE",
      "detail": "FCF margin: -312.9% -> +13.1%",
      "severity": "HIGH"
    },
    {
      "quarter": "2023-03 (Q1)",
      "signal": "YoY REVENUE GROWTH DECELERATION",
      "detail": "YoY growth: +50.1% vs prior quarter YoY: +57.5% (decel: -7.4%)",
      "severity": "WARNING"
    },
    {
      "quarter": "2022-12 (Q4)",
      "signal": "OPERATING LEVERAGE",
      "detail": "Rev growth +53.7% vs OpEx growth +11.2% (leverage: 4.8x)",
      "severity": "MEDIUM"
    },
    {
      "quarter": "2022-12 (Q4)",
      "signal": "YoY REVENUE GROWTH ACCELERATION",
      "detail": "YoY growth: +57.5% vs prior quarter YoY: -17.1% (accel: +74.6%)",
      "severity": "HIGH"
    },
    {
      "quarter": "2022-12 (Q4)",
      "signal": "OP MARGIN TURNED POSITIVE (YoY)",
      "detail": "Op margin: -51.2% (year-ago) -> +3.6%",
      "severity": "HIGH"
    },
    {
      "quarter": "2022-12 (Q4)",
      "signal": "OP MARGIN TURNED POSITIVE (QoQ)",
      "detail": "Op margin: -33.2% -> +3.6%",
      "severity": "HIGH"
    },
    {
      "quarter": "2022-09 (Q3)",
      "signal": "FCF TURNED POSITIVE",
      "detail": "FCF margin: -43.0% -> +25.5%",
      "severity": "HIGH"
    },
    {
      "quarter": "2022-09 (Q3)",
      "signal": "OPERATING LEVERAGE",
      "detail": "Rev growth +7.1% vs OpEx growth +4.4% (leverage: 1.6x)",
      "severity": "MEDIUM"
    },
    {
      "quarter": "2022-09 (Q3)",
      "signal": "YoY REVENUE GROWTH ACCELERATION",
      "detail": "YoY growth: -17.1% vs prior quarter YoY: -28.0% (accel: +10.9%)",
      "severity": "MEDIUM"
    },
    {
      "quarter": "2022-06 (Q2)",
      "signal": "FCF MARGIN EXPANSION",
      "detail": "FCF margin: -53.7% -> -43.0% (+10.7%)",
      "severity": "MEDIUM"
    },
    {
      "quarter": "2022-06 (Q2)",
      "signal": "YoY REVENUE GROWTH ACCELERATION",
      "detail": "YoY growth: -28.0% vs prior quarter YoY: -34.2% (accel: +6.1%)",
      "severity": "MEDIUM"
    },
    {
      "quarter": "2022-03 (Q1)",
      "signal": "YoY REVENUE GROWTH ACCELERATION",
      "detail": "YoY growth: -34.2% vs prior quarter YoY: -56.5% (accel: +22.4%)",
      "severity": "HIGH"
    },
    {
      "quarter": "2021-12 (Q4)",
      "signal": "FCF MARGIN EXPANSION",
      "detail": "FCF margin: -76.2% -> -46.7% (+29.5%)",
      "severity": "MEDIUM"
    },
    {
      "quarter": "2021-06 (Q2)",
      "signal": "FCF TURNED POSITIVE",
      "detail": "FCF margin: -7.6% -> +12.5%",
      "severity": "HIGH"
    }
  ],
  "data_quality": {
    "n_quarters": 20,
    "coverage": {
      "revenue": [
        20,
        20
      ],
      "gross_profit": [
        0,
        20
      ],
      "op_income": [
        20,
        20
      ],
      "fcf": [
        20,
        20
      ]
    },
    "gaps": [],
    "warnings": [
      "gross_profit: no data"
    ]
  },
  "market_cap": null,
  "source": "SEC EDGAR",
  "last_updated": "2026-02-02T22:30:44.978647"
}