{
  "ticker": "TCX",
  "name": "TUCOWS INC /PA/",
  "quarters": [
    {
      "date": "2020-12-31T00:00:00",
      "quarter_label": "2020-12 (Q4)",
      "revenue": 70784000,
      "gross_profit": 17428000,
      "operating_income": -1104000,
      "net_income": 2068000,
      "opex": 18532000,
      "cogs": 53356000,
      "rd": 3447000,
      "sga": null,
      "fcf": -10071000,
      "ocf": 1637000,
      "capex": -11708000,
      "gross_margin": 0.24621383363471971,
      "op_margin": -0.015596745027124773,
      "fcf_margin": -0.14227791591320071
    },
    {
      "date": "2021-03-31T00:00:00",
      "quarter_label": "2021-03 (Q1)",
      "revenue": 70875000,
      "gross_profit": 17453000,
      "operating_income": -1131000,
      "net_income": 2149000,
      "opex": 18584000,
      "cogs": 53422000,
      "rd": 3132000,
      "sga": null,
      "fcf": 142000,
      "ocf": 14086000,
      "capex": -13944000,
      "gross_margin": 0.24625044091710757,
      "op_margin": -0.01595767195767196,
      "fcf_margin": 0.00200352733686067,
      "fcf_margin_change": 0.1442814432500614
    },
    {
      "date": "2021-06-30T00:00:00",
      "quarter_label": "2021-06 (Q2)",
      "revenue": 75093000,
      "gross_profit": 18239000,
      "operating_income": -2034000,
      "net_income": 1807000,
      "opex": 20273000,
      "cogs": 56854000,
      "rd": 3170000,
      "sga": null,
      "fcf": -18143000,
      "ocf": 3518000,
      "capex": -21661000,
      "gross_margin": 0.24288548866072737,
      "op_margin": -0.027086412848068394,
      "fcf_margin": -0.24160707389503683,
      "op_leverage_ratio": 0.654821681530977,
      "fcf_margin_change": -0.2436106012318975
    },
    {
      "date": "2021-09-30T00:00:00",
      "quarter_label": "2021-09 (Q3)",
      "revenue": 75893000,
      "gross_profit": 18024000,
      "operating_income": -3224000,
      "net_income": 1375000,
      "opex": 21248000,
      "cogs": 57869000,
      "rd": 3742000,
      "sga": null,
      "fcf": -12996000,
      "ocf": 1492000,
      "capex": -14488000,
      "gross_margin": 0.23749225883810102,
      "op_margin": -0.04248086121249654,
      "fcf_margin": -0.17124108942853755,
      "op_leverage_ratio": 0.22151540636619138,
      "fcf_margin_change": 0.07036598446649928
    },
    {
      "date": "2021-12-31T00:00:00",
      "quarter_label": "2021-12 (Q4)",
      "revenue": 82476000,
      "gross_profit": 24577000,
      "operating_income": -1384000,
      "net_income": -1967000,
      "opex": 25961000,
      "cogs": 57899000,
      "rd": 4266000,
      "sga": null,
      "fcf": -12540000,
      "ocf": 10542000,
      "capex": -23082000,
      "gross_margin": 0.29798971822105824,
      "op_margin": -0.01678063921625685,
      "fcf_margin": -0.15204423104903245,
      "incr_op_margin_yoy": -0.023947998631542934,
      "rev_growth_yoy": 0.16517857142857142,
      "op_leverage_ratio": 0.3910594206011211,
      "fcf_margin_change": 0.019196858379505105
    },
    {
      "date": "2022-03-31T00:00:00",
      "quarter_label": "2022-03 (Q1)",
      "revenue": 81099000,
      "gross_profit": 21198000,
      "operating_income": -4848000,
      "net_income": -3020000,
      "opex": 26046000,
      "cogs": 59901000,
      "rd": 3765000,
      "sga": null,
      "fcf": -17647000,
      "ocf": 5407000,
      "capex": -23054000,
      "gross_margin": 0.26138423408426736,
      "op_margin": -0.05977878888765583,
      "fcf_margin": -0.2175982441213825,
      "incr_op_margin_yoy": -0.363556338028169,
      "rev_growth_yoy": 0.14425396825396825,
      "rev_growth_yoy_accel": -0.02092460317460318,
      "fcf_margin_change": -0.06555401307235006
    },
    {
      "date": "2022-06-30T00:00:00",
      "quarter_label": "2022-06 (Q2)",
      "revenue": 83084000,
      "gross_profit": 22053000,
      "operating_income": -4435000,
      "net_income": -3125000,
      "opex": 26488000,
      "cogs": 61031000,
      "rd": 3465000,
      "sga": null,
      "fcf": -17712000,
      "ocf": 12576000,
      "capex": -30288000,
      "gross_margin": 0.26543016705984307,
      "op_margin": -0.05337971209859901,
      "fcf_margin": -0.2131818400654759,
      "incr_op_margin_yoy": -0.30046302089851085,
      "rev_growth_yoy": 0.10641471242326182,
      "rev_growth_yoy_accel": -0.03783925583070642,
      "op_leverage_ratio": 1.4423271506770758,
      "fcf_margin_change": 0.004416404055906598
    },
    {
      "date": "2022-09-30T00:00:00",
      "quarter_label": "2022-09 (Q3)",
      "revenue": 78050000,
      "gross_profit": 17987000,
      "operating_income": -9381000,
      "net_income": -7981000,
      "opex": 27368000,
      "cogs": 60063000,
      "rd": 2983000,
      "sga": null,
      "fcf": -47684000,
      "ocf": -1008000,
      "capex": -46676000,
      "gross_margin": 0.23045483664317745,
      "op_margin": -0.12019218449711723,
      "fcf_margin": -0.6109417040358744,
      "incr_op_margin_yoy": -2.854427445526194,
      "rev_growth_yoy": 0.0284215935593533,
      "rev_growth_yoy_accel": -0.07799311886390853,
      "fcf_margin_change": -0.39775986397039853
    },
    {
      "date": "2022-12-31T00:00:00",
      "quarter_label": "2022-12 (Q4)",
      "revenue": 78909000,
      "gross_profit": 17010000,
      "operating_income": -13000000,
      "net_income": -13445000,
      "opex": 30010000,
      "cogs": 61899000,
      "rd": 3975000,
      "sga": null,
      "fcf": -33791000,
      "ocf": 2901000,
      "capex": -36692000,
      "gross_margin": 0.2155647644755351,
      "op_margin": -0.16474673357918615,
      "fcf_margin": -0.42822745187494454,
      "incr_op_margin_yoy": 3.2565180824222035,
      "rev_growth_yoy": -0.043248945147679324,
      "rev_growth_yoy_accel": -0.07167053870703263,
      "op_leverage_ratio": 0.11400673397407764,
      "fcf_margin_change": 0.1827142521609299
    },
    {
      "date": "2023-03-31T00:00:00",
      "quarter_label": "2023-03 (Q1)",
      "revenue": 80430000,
      "gross_profit": 14061000,
      "operating_income": -17283000,
      "net_income": -19083000,
      "opex": 31344000,
      "cogs": 66369000,
      "rd": 4815000,
      "sga": null,
      "fcf": -36997000,
      "ocf": -5251000,
      "capex": -31746000,
      "gross_margin": 0.17482282730324505,
      "op_margin": -0.21488250652741514,
      "fcf_margin": -0.4599900534626383,
      "rev_growth_yoy": -0.00824917693189805,
      "rev_growth_yoy_accel": 0.034999768215781275,
      "op_leverage_ratio": 0.43362352964110273,
      "fcf_margin_change": -0.031762601587693784
    },
    {
      "date": "2023-06-30T00:00:00",
      "quarter_label": "2023-06 (Q2)",
      "revenue": 84978000,
      "gross_profit": 18032000,
      "operating_income": -13101000,
      "net_income": -30968000,
      "opex": 31133000,
      "cogs": 66946000,
      "rd": 4581000,
      "sga": null,
      "fcf": -24745000,
      "ocf": -1587000,
      "capex": -23158000,
      "gross_margin": 0.21219609781355175,
      "op_margin": -0.15416931441078868,
      "fcf_margin": -0.29119301466261854,
      "incr_op_margin_yoy": -4.575501583949314,
      "rev_growth_yoy": 0.022796206249097298,
      "rev_growth_yoy_accel": 0.031045383180995346,
      "op_leverage_ratio": Infinity,
      "fcf_margin_change": 0.16879703880001978
    },
    {
      "date": "2023-09-30T00:00:00",
      "quarter_label": "2023-09 (Q3)",
      "revenue": 86971000,
      "gross_profit": 16753000,
      "operating_income": -17167000,
      "net_income": -22772000,
      "opex": 33920000,
      "cogs": 70218000,
      "rd": 4818000,
      "sga": null,
      "fcf": -29508000,
      "ocf": -6936000,
      "capex": -22572000,
      "gross_margin": 0.19262742753331571,
      "op_margin": -0.19738763495877937,
      "fcf_margin": -0.3392855089627577,
      "incr_op_margin_yoy": -0.8727721107499159,
      "rev_growth_yoy": 0.1142985265855221,
      "rev_growth_yoy_accel": 0.0915023203364248,
      "op_leverage_ratio": 0.26199004900003964,
      "fcf_margin_change": -0.04809249430013918
    },
    {
      "date": "2023-12-31T00:00:00",
      "quarter_label": "2023-12 (Q4)",
      "revenue": 86958000,
      "gross_profit": 17821000,
      "operating_income": -16101000,
      "net_income": -23374000,
      "opex": 33922000,
      "cogs": 69137000,
      "rd": 5003000,
      "sga": null,
      "fcf": -5576000,
      "ocf": 9003000,
      "capex": -14579000,
      "gross_margin": 0.20493801605372708,
      "op_margin": -0.18515835230801075,
      "fcf_margin": -0.06412290991053152,
      "incr_op_margin_yoy": -0.3852652503416574,
      "rev_growth_yoy": 0.1020035737368361,
      "rev_growth_yoy_accel": -0.012294952848685994,
      "fcf_margin_change": 0.2751625990522262
    },
    {
      "date": "2024-03-31T00:00:00",
      "quarter_label": "2024-03 (Q1)",
      "revenue": 87457000,
      "gross_profit": 18316000,
      "operating_income": -16519000,
      "net_income": -26484000,
      "opex": 34835000,
      "cogs": 69141000,
      "rd": 5016000,
      "sga": null,
      "fcf": -19998000,
      "ocf": -5678000,
      "capex": -14320000,
      "gross_margin": 0.20942863349989138,
      "op_margin": -0.18888139314177252,
      "fcf_margin": -0.22866094194861475,
      "incr_op_margin_yoy": 0.10872349509036573,
      "rev_growth_yoy": 0.08736789755066518,
      "rev_growth_yoy_accel": -0.014635676186170926,
      "fcf_margin_change": -0.16453803203808323
    },
    {
      "date": "2024-06-30T00:00:00",
      "quarter_label": "2024-06 (Q2)",
      "revenue": 89423000,
      "gross_profit": 20810000,
      "operating_income": -8597000,
      "net_income": -18604000,
      "opex": 29407000,
      "cogs": 68613000,
      "rd": 4522000,
      "sga": null,
      "fcf": -20665000,
      "ocf": -4708000,
      "capex": -15957000,
      "gross_margin": 0.23271417867886338,
      "op_margin": -0.09613857732350738,
      "fcf_margin": -0.23109267190767477,
      "incr_op_margin_yoy": 1.013273340832396,
      "rev_growth_yoy": 0.052307656099225684,
      "rev_growth_yoy_accel": -0.035060241451439496,
      "op_leverage_ratio": Infinity,
      "fcf_margin_change": -0.0024317299590600194
    },
    {
      "date": "2024-09-30T00:00:00",
      "quarter_label": "2024-09 (Q3)",
      "revenue": 92297000,
      "gross_profit": 22188000,
      "operating_income": -10047000,
      "net_income": -22297000,
      "opex": 32235000,
      "cogs": 70109000,
      "rd": 4615000,
      "sga": null,
      "fcf": -19080000,
      "ocf": -4564000,
      "capex": -14516000,
      "gross_margin": 0.24039784608383805,
      "op_margin": -0.10885510905013164,
      "fcf_margin": -0.20672394552368983,
      "incr_op_margin_yoy": 1.336838152459632,
      "rev_growth_yoy": 0.06123880373917743,
      "rev_growth_yoy_accel": 0.008931147639951745,
      "op_leverage_ratio": 0.33420184609293263,
      "fcf_margin_change": 0.024368726383984934
    },
    {
      "date": "2024-12-31T00:00:00",
      "quarter_label": "2024-12 (Q4)",
      "revenue": 93098000,
      "gross_profit": 21715000,
      "operating_income": -29850000,
      "net_income": -42475000,
      "opex": 51565000,
      "cogs": 71383000,
      "rd": 4474000,
      "sga": null,
      "fcf": -16462000,
      "ocf": -4795000,
      "capex": -11667000,
      "gross_margin": 0.2332488345614299,
      "op_margin": -0.3206298738963243,
      "fcf_margin": -0.17682442157726266,
      "incr_op_margin_yoy": -2.2392508143322476,
      "rev_growth_yoy": 0.07060879965040594,
      "rev_growth_yoy_accel": 0.009369995911228508,
      "fcf_margin_change": 0.02989952394642717
    },
    {
      "date": "2025-03-31T00:00:00",
      "quarter_label": "2025-03 (Q1)",
      "revenue": 94609000,
      "gross_profit": 23531000,
      "operating_income": -2033000,
      "net_income": -15133000,
      "opex": 25564000,
      "cogs": 71078000,
      "rd": 4407000,
      "sga": null,
      "fcf": -16688000,
      "ocf": -11251000,
      "capex": -5437000,
      "gross_margin": 0.24871840945364607,
      "op_margin": -0.0214884419029902,
      "fcf_margin": -0.1763891384540583,
      "incr_op_margin_yoy": 2.0254474272930647,
      "rev_growth_yoy": 0.08177733057388202,
      "rev_growth_yoy_accel": 0.011168530923476083,
      "op_leverage_ratio": Infinity,
      "fcf_margin_change": 0.0004352831232043719
    },
    {
      "date": "2025-06-30T00:00:00",
      "quarter_label": "2025-06 (Q2)",
      "revenue": 98463000,
      "gross_profit": 22110000,
      "operating_income": -2879000,
      "net_income": -15637000,
      "opex": 24989000,
      "cogs": 76353000,
      "rd": 4344000,
      "sga": null,
      "fcf": 3098000,
      "ocf": 6566000,
      "capex": -3468000,
      "gross_margin": 0.22455135431583437,
      "op_margin": -0.029239409727511857,
      "fcf_margin": 0.031463595462254856,
      "incr_op_margin_yoy": 0.6325221238938054,
      "rev_growth_yoy": 0.10109256007962157,
      "rev_growth_yoy_accel": 0.01931522950573955,
      "op_leverage_ratio": Infinity,
      "fcf_margin_change": 0.20785273391631315
    },
    {
      "date": "2025-09-30T00:00:00",
      "quarter_label": "2025-09 (Q3)",
      "revenue": 98558000,
      "gross_profit": 24181000,
      "operating_income": -9577000,
      "net_income": -23019000,
      "opex": 33758000,
      "cogs": 74377000,
      "rd": 4682000,
      "sga": null,
      "fcf": -2317000,
      "ocf": 1534000,
      "capex": -3851000,
      "gross_margin": 0.2453479169626007,
      "op_margin": -0.09717120883134804,
      "fcf_margin": -0.023508999776781184,
      "incr_op_margin_yoy": 0.07506788053026674,
      "rev_growth_yoy": 0.06783535759558816,
      "rev_growth_yoy_accel": -0.03325720248403341,
      "fcf_margin_change": -0.05497259523903604
    }
  ],
  "signals": [
    {
      "quarter": "2025-09 (Q3)",
      "signal": "GROSS MARGIN INFLECTION",
      "detail": "GM: +24.9% -> +22.5% -> +24.5% (reversal +2.1%)",
      "severity": "MEDIUM"
    },
    {
      "quarter": "2025-06 (Q2)",
      "signal": "FCF TURNED POSITIVE",
      "detail": "FCF margin: -17.6% -> +3.1%",
      "severity": "HIGH"
    },
    {
      "quarter": "2023-12 (Q4)",
      "signal": "FCF MARGIN EXPANSION",
      "detail": "FCF margin: -33.9% -> -6.4% (+27.5%)",
      "severity": "MEDIUM"
    },
    {
      "quarter": "2023-09 (Q3)",
      "signal": "YoY REVENUE GROWTH ACCELERATION",
      "detail": "YoY growth: +11.4% vs prior quarter YoY: +2.3% (accel: +9.2%)",
      "severity": "MEDIUM"
    },
    {
      "quarter": "2023-06 (Q2)",
      "signal": "FCF MARGIN EXPANSION",
      "detail": "FCF margin: -46.0% -> -29.1% (+16.9%)",
      "severity": "MEDIUM"
    },
    {
      "quarter": "2023-06 (Q2)",
      "signal": "GROSS MARGIN INFLECTION",
      "detail": "GM: +21.6% -> +17.5% -> +21.2% (reversal +3.7%)",
      "severity": "MEDIUM"
    },
    {
      "quarter": "2022-12 (Q4)",
      "signal": "FCF MARGIN EXPANSION",
      "detail": "FCF margin: -61.1% -> -42.8% (+18.3%)",
      "severity": "MEDIUM"
    },
    {
      "quarter": "2022-12 (Q4)",
      "signal": "YoY REVENUE GROWTH DECELERATION",
      "detail": "YoY growth: -4.3% vs prior quarter YoY: +2.8% (decel: -7.2%)",
      "severity": "WARNING"
    },
    {
      "quarter": "2022-09 (Q3)",
      "signal": "YoY REVENUE GROWTH DECELERATION",
      "detail": "YoY growth: +2.8% vs prior quarter YoY: +10.6% (decel: -7.8%)",
      "severity": "WARNING"
    },
    {
      "quarter": "2021-12 (Q4)",
      "signal": "GROSS MARGIN INFLECTION",
      "detail": "GM: +24.3% -> +23.7% -> +29.8% (reversal +6.0%)",
      "severity": "HIGH"
    },
    {
      "quarter": "2021-09 (Q3)",
      "signal": "FCF MARGIN EXPANSION",
      "detail": "FCF margin: -24.2% -> -17.1% (+7.0%)",
      "severity": "MEDIUM"
    },
    {
      "quarter": "2021-03 (Q1)",
      "signal": "FCF TURNED POSITIVE",
      "detail": "FCF margin: -14.2% -> +0.2%",
      "severity": "HIGH"
    }
  ],
  "data_quality": {
    "n_quarters": 20,
    "coverage": {
      "revenue": [
        20,
        20
      ],
      "gross_profit": [
        20,
        20
      ],
      "op_income": [
        20,
        20
      ],
      "fcf": [
        20,
        20
      ]
    },
    "gaps": [],
    "warnings": []
  },
  "market_cap": null,
  "source": "SEC EDGAR",
  "last_updated": "2026-02-02T22:51:02.202782"
}