{
  "ticker": "TDAY",
  "name": "GANNETT CO., INC.",
  "quarters": [
    {
      "date": "2020-12-31T00:00:00",
      "quarter_label": "2020-12 (Q4)",
      "revenue": 875447000,
      "gross_profit": 376714000,
      "operating_income": 18078000,
      "net_income": -122174000,
      "opex": 857369000,
      "cogs": 498733000,
      "rd": null,
      "sga": 232514000,
      "fcf": -24541000,
      "ocf": -16510000,
      "capex": -8031000,
      "gross_margin": 0.43031045854289296,
      "op_margin": 0.020650022217221602,
      "fcf_margin": -0.02803253652134281
    },
    {
      "date": "2021-03-31T00:00:00",
      "quarter_label": "2021-03 (Q1)",
      "revenue": 777084000,
      "gross_profit": 299286000,
      "operating_income": 7941000,
      "net_income": -142316000,
      "opex": 769143000,
      "cogs": 477798000,
      "rd": null,
      "sga": 203684000,
      "fcf": 53709000,
      "ocf": 61316000,
      "capex": -7607000,
      "gross_margin": 0.3851398304430409,
      "op_margin": 0.01021897246629708,
      "fcf_margin": 0.06911608011489105,
      "fcf_margin_change": 0.09714861663623386
    },
    {
      "date": "2021-06-30T00:00:00",
      "quarter_label": "2021-06 (Q2)",
      "revenue": 804275000,
      "gross_profit": 331103000,
      "operating_income": 45445000,
      "net_income": 15115000,
      "opex": 758830000,
      "cogs": 473172000,
      "rd": null,
      "sga": 222904000,
      "fcf": 23057000,
      "ocf": 31271000,
      "capex": -8214000,
      "gross_margin": 0.41167884119237824,
      "op_margin": 0.05650430511951758,
      "fcf_margin": 0.028668055080662707,
      "op_leverage_ratio": Infinity,
      "fcf_margin_change": -0.04044802503422834
    },
    {
      "date": "2021-09-30T00:00:00",
      "quarter_label": "2021-09 (Q3)",
      "revenue": 800185000,
      "gross_profit": 319896000,
      "operating_income": 31102000,
      "net_income": 14687000,
      "opex": 769083000,
      "cogs": 480289000,
      "rd": null,
      "sga": 225596000,
      "fcf": 29316000,
      "ocf": 40760000,
      "capex": -11444000,
      "gross_margin": 0.39977755144122923,
      "op_margin": 0.03886851165667939,
      "fcf_margin": 0.036636527802945566,
      "fcf_margin_change": 0.00796847272228286
    },
    {
      "date": "2021-12-31T00:00:00",
      "quarter_label": "2021-12 (Q4)",
      "revenue": 826539000,
      "gross_profit": 356234000,
      "operating_income": 24589000,
      "net_income": -22448000,
      "opex": 801950000,
      "cogs": 470305000,
      "rd": null,
      "sga": 249880000,
      "fcf": -18189000,
      "ocf": -5894000,
      "capex": -12295000,
      "gross_margin": 0.4309947866948807,
      "op_margin": 0.029749352420151982,
      "fcf_margin": -0.022006221122052316,
      "incr_op_margin_yoy": -0.13312750470270712,
      "rev_growth_yoy": -0.05586631743555007,
      "op_leverage_ratio": 0.7706714711960286,
      "fcf_margin_change": -0.05864274892499788
    },
    {
      "date": "2022-03-31T00:00:00",
      "quarter_label": "2022-03 (Q1)",
      "revenue": 748077000,
      "gross_profit": 278192000,
      "operating_income": -1978000,
      "net_income": -2967000,
      "opex": 750055000,
      "cogs": 469885000,
      "rd": null,
      "sga": 221837000,
      "fcf": 21665000,
      "ocf": 32429000,
      "capex": -10764000,
      "gross_margin": 0.3718761571335571,
      "op_margin": -0.002644112838651636,
      "fcf_margin": 0.02896092247188458,
      "incr_op_margin_yoy": 0.3419519426345365,
      "rev_growth_yoy": -0.037328010871411584,
      "rev_growth_yoy_accel": 0.018538306564138483,
      "fcf_margin_change": 0.05096714359393689
    },
    {
      "date": "2022-06-30T00:00:00",
      "quarter_label": "2022-06 (Q2)",
      "revenue": 748660000,
      "gross_profit": 272658000,
      "operating_income": -21224000,
      "net_income": -53688000,
      "opex": 769884000,
      "cogs": 476002000,
      "rd": null,
      "sga": 227836000,
      "fcf": -43269000,
      "ocf": -30741000,
      "capex": -12528000,
      "gross_margin": 0.3641946945208773,
      "op_margin": -0.02834931744717228,
      "fcf_margin": -0.05779526086608073,
      "incr_op_margin_yoy": 1.198759327519554,
      "rev_growth_yoy": -0.06914923378197756,
      "rev_growth_yoy_accel": -0.03182122291056597,
      "fcf_margin_change": -0.08675618333796531
    },
    {
      "date": "2022-09-30T00:00:00",
      "quarter_label": "2022-09 (Q3)",
      "revenue": 717902000,
      "gross_profit": 258559000,
      "operating_income": -25143000,
      "net_income": -54114000,
      "opex": 743045000,
      "cogs": 459343000,
      "rd": null,
      "sga": 212473000,
      "fcf": 18643000,
      "ocf": 31294000,
      "capex": -12651000,
      "gross_margin": 0.3601591860727509,
      "op_margin": -0.03502288613209045,
      "fcf_margin": 0.025968725536354546,
      "incr_op_margin_yoy": 0.6835555339499046,
      "rev_growth_yoy": -0.10282997056930585,
      "rev_growth_yoy_accel": -0.03368073678732829,
      "fcf_margin_change": 0.08376398640243528
    },
    {
      "date": "2022-12-31T00:00:00",
      "quarter_label": "2022-12 (Q4)",
      "revenue": 730664000,
      "gross_profit": 275541000,
      "operating_income": 14746000,
      "net_income": 32767000,
      "opex": 715918000,
      "cogs": 455123000,
      "rd": null,
      "sga": 190342000,
      "fcf": -1639000,
      "ocf": 7794000,
      "capex": -9433000,
      "gross_margin": 0.3771104091620772,
      "op_margin": 0.020181642998697076,
      "fcf_margin": -0.002243165121040588,
      "incr_op_margin_yoy": 0.10266492829204693,
      "rev_growth_yoy": -0.11599573643832899,
      "rev_growth_yoy_accel": -0.013165765869023141,
      "op_leverage_ratio": Infinity,
      "fcf_margin_change": -0.028211890657395135
    },
    {
      "date": "2023-03-31T00:00:00",
      "quarter_label": "2023-03 (Q1)",
      "revenue": 668917000,
      "gross_profit": 238729000,
      "operating_income": 19961000,
      "net_income": 10344000,
      "opex": 648956000,
      "cogs": 430188000,
      "rd": null,
      "sga": 180390000,
      "fcf": -2080000,
      "ocf": 6718000,
      "capex": -8798000,
      "gross_margin": 0.3568888217820746,
      "op_margin": 0.02984077247251901,
      "fcf_margin": -0.0031095038696878686,
      "incr_op_margin_yoy": -0.2771475492673067,
      "rev_growth_yoy": -0.1058179839775852,
      "rev_growth_yoy_accel": 0.010177752460743789,
      "fcf_margin_change": -0.0008663387486472808
    },
    {
      "date": "2023-06-30T00:00:00",
      "quarter_label": "2023-06 (Q2)",
      "revenue": 672357000,
      "gross_profit": 246261000,
      "operating_income": 13511000,
      "net_income": -12677000,
      "opex": 658846000,
      "cogs": 426096000,
      "rd": null,
      "sga": 184127000,
      "fcf": 38418000,
      "ocf": 46068000,
      "capex": -7650000,
      "gross_margin": 0.366265243018218,
      "op_margin": 0.020094979304149434,
      "fcf_margin": 0.05713928761059973,
      "incr_op_margin_yoy": -0.45522456522024035,
      "rev_growth_yoy": -0.10191942938049314,
      "rev_growth_yoy_accel": 0.003898554597092055,
      "fcf_margin_change": 0.0602487914802876
    },
    {
      "date": "2023-09-30T00:00:00",
      "quarter_label": "2023-09 (Q3)",
      "revenue": 652871000,
      "gross_profit": 236768000,
      "operating_income": 34941000,
      "net_income": -2566000,
      "opex": 617930000,
      "cogs": 416103000,
      "rd": null,
      "sga": 184914000,
      "fcf": 7372000,
      "ocf": 20631000,
      "capex": -13259000,
      "gross_margin": 0.3626566350779863,
      "op_margin": 0.053518995329858425,
      "fcf_margin": 0.01129166405001907,
      "incr_op_margin_yoy": -0.9239285879042303,
      "rev_growth_yoy": -0.09058478733866182,
      "rev_growth_yoy_accel": 0.011334642041831322,
      "fcf_margin_change": -0.045847623560580655
    },
    {
      "date": "2023-12-31T00:00:00",
      "quarter_label": "2023-12 (Q4)",
      "revenue": 669405000,
      "gross_profit": 249761000,
      "operating_income": 17858000,
      "net_income": -22892000,
      "opex": 651547000,
      "cogs": 419644000,
      "rd": null,
      "sga": 185908000,
      "fcf": 12748000,
      "ocf": 21157000,
      "capex": -8409000,
      "gross_margin": 0.3731089549674711,
      "op_margin": 0.026677422487134096,
      "fcf_margin": 0.019043777683166393,
      "incr_op_margin_yoy": -0.050800698672848074,
      "rev_growth_yoy": -0.08384017824882573,
      "rev_growth_yoy_accel": 0.0067446090898360955,
      "op_leverage_ratio": 0.46551200080959393,
      "fcf_margin_change": 0.0077521136331473225
    },
    {
      "date": "2024-03-31T00:00:00",
      "quarter_label": "2024-03 (Q1)",
      "revenue": 635761000,
      "gross_profit": 233362000,
      "operating_income": -49886000,
      "net_income": -84768000,
      "opex": 685647000,
      "cogs": 402399000,
      "rd": null,
      "sga": 180489000,
      "fcf": 9452000,
      "ocf": 22451000,
      "capex": -12999000,
      "gross_margin": 0.3670593194612441,
      "op_margin": -0.07846659357840446,
      "fcf_margin": 0.01486722211648717,
      "incr_op_margin_yoy": 2.106617203522741,
      "rev_growth_yoy": -0.049566687645851426,
      "rev_growth_yoy_accel": 0.0342734906029743,
      "fcf_margin_change": -0.004176555566679223
    },
    {
      "date": "2024-06-30T00:00:00",
      "quarter_label": "2024-06 (Q2)",
      "revenue": 639840000,
      "gross_profit": 248366000,
      "operating_income": 6966000,
      "net_income": 13748000,
      "opex": 632874000,
      "cogs": 391474000,
      "rd": null,
      "sga": 183019000,
      "fcf": 25399000,
      "ocf": 35125000,
      "capex": -9726000,
      "gross_margin": 0.38816891722930735,
      "op_margin": 0.010887096774193548,
      "fcf_margin": 0.03969586146536634,
      "incr_op_margin_yoy": 0.20127933081157548,
      "rev_growth_yoy": -0.048362700172676125,
      "rev_growth_yoy_accel": 0.0012039874731753011,
      "fcf_margin_change": 0.02482863934887917
    },
    {
      "date": "2024-09-30T00:00:00",
      "quarter_label": "2024-09 (Q3)",
      "revenue": 612439000,
      "gross_profit": 236527000,
      "operating_income": -6023000,
      "net_income": -19653000,
      "opex": 618462000,
      "cogs": 375912000,
      "rd": null,
      "sga": 183857000,
      "fcf": 19762000,
      "ocf": 33745000,
      "capex": -13983000,
      "gross_margin": 0.38620499347690135,
      "op_margin": -0.009834448818576218,
      "fcf_margin": 0.03226770339576676,
      "incr_op_margin_yoy": 1.013157894736842,
      "rev_growth_yoy": -0.06192953891350665,
      "rev_growth_yoy_accel": -0.013566838740830527,
      "fcf_margin_change": -0.00742815806959958
    },
    {
      "date": "2024-12-31T00:00:00",
      "quarter_label": "2024-12 (Q4)",
      "revenue": 621275000,
      "gross_profit": 245476000,
      "operating_income": 6105000,
      "net_income": 64319000,
      "opex": 615170000,
      "cogs": 375799000,
      "rd": null,
      "sga": 178663000,
      "fcf": -3837000,
      "ocf": 8989000,
      "capex": -12826000,
      "gross_margin": 0.39511649430606416,
      "op_margin": 0.009826566335358737,
      "fcf_margin": -0.006176009013721782,
      "incr_op_margin_yoy": 0.2441928111365053,
      "rev_growth_yoy": -0.07189967209686214,
      "rev_growth_yoy_accel": -0.00997013318335549,
      "op_leverage_ratio": Infinity,
      "fcf_margin_change": -0.038443712409488545
    },
    {
      "date": "2025-03-31T00:00:00",
      "quarter_label": "2025-03 (Q1)",
      "revenue": 571573000,
      "gross_profit": 214951000,
      "operating_income": 9778000,
      "net_income": -7333000,
      "opex": 561795000,
      "cogs": 356622000,
      "rd": null,
      "sga": 171643000,
      "fcf": 9762000,
      "ocf": 23308000,
      "capex": -13546000,
      "gross_margin": 0.3760691985100766,
      "op_margin": 0.01710717616122525,
      "fcf_margin": 0.01707918323643699,
      "incr_op_margin_yoy": -0.9295195363619368,
      "rev_growth_yoy": -0.10096246860062193,
      "rev_growth_yoy_accel": -0.029062796503759786,
      "fcf_margin_change": 0.02325519225015877
    },
    {
      "date": "2025-06-30T00:00:00",
      "quarter_label": "2025-06 (Q2)",
      "revenue": 584861000,
      "gross_profit": 225413000,
      "operating_income": null,
      "net_income": 78391000,
      "opex": null,
      "cogs": 359448000,
      "rd": null,
      "sga": 164097000,
      "fcf": 17497000,
      "ocf": 32555000,
      "capex": -15058000,
      "gross_margin": 0.3854129442722288,
      "op_margin": null,
      "fcf_margin": 0.02991651007675328,
      "rev_growth_yoy": -0.08592616904226057,
      "rev_growth_yoy_accel": 0.01503629955836136,
      "fcf_margin_change": 0.012837326840316292
    },
    {
      "date": "2025-09-30T00:00:00",
      "quarter_label": "2025-09 (Q3)",
      "revenue": 560796000,
      "gross_profit": 208490000,
      "operating_income": null,
      "net_income": -39249000,
      "opex": null,
      "cogs": 352306000,
      "rd": null,
      "sga": 153743000,
      "fcf": 4866000,
      "ocf": 15163000,
      "capex": -10297000,
      "gross_margin": 0.37177511965135274,
      "op_margin": null,
      "fcf_margin": 0.008676952046733572,
      "rev_growth_yoy": -0.08432349997305855,
      "rev_growth_yoy_accel": 0.0016026690692020201,
      "fcf_margin_change": -0.021239558030019708
    }
  ],
  "signals": [
    {
      "quarter": "2025-03 (Q1)",
      "signal": "FCF TURNED POSITIVE",
      "detail": "FCF margin: -0.6% -> +1.7%",
      "severity": "HIGH"
    },
    {
      "quarter": "2025-03 (Q1)",
      "signal": "OP MARGIN TURNED POSITIVE (YoY)",
      "detail": "Op margin: -7.8% (year-ago) -> +1.7%",
      "severity": "HIGH"
    },
    {
      "quarter": "2024-12 (Q4)",
      "signal": "INCREMENTAL MARGIN (YoY)",
      "detail": "YoY Incr OPM: +24.4% vs year-ago OPM: +2.7%",
      "severity": "HIGH"
    },
    {
      "quarter": "2024-12 (Q4)",
      "signal": "OP MARGIN TURNED POSITIVE (QoQ)",
      "detail": "Op margin: -1.0% -> +1.0%",
      "severity": "HIGH"
    },
    {
      "quarter": "2024-06 (Q2)",
      "signal": "GROSS MARGIN INFLECTION",
      "detail": "GM: +37.3% -> +36.7% -> +38.8% (reversal +2.1%)",
      "severity": "MEDIUM"
    },
    {
      "quarter": "2024-06 (Q2)",
      "signal": "INCREMENTAL MARGIN (YoY)",
      "detail": "YoY Incr OPM: +20.1% vs year-ago OPM: +2.0%",
      "severity": "MEDIUM"
    },
    {
      "quarter": "2024-06 (Q2)",
      "signal": "OP MARGIN TURNED POSITIVE (QoQ)",
      "detail": "Op margin: -7.8% -> +1.1%",
      "severity": "HIGH"
    },
    {
      "quarter": "2023-09 (Q3)",
      "signal": "OP MARGIN TURNED POSITIVE (YoY)",
      "detail": "Op margin: -3.5% (year-ago) -> +5.4%",
      "severity": "HIGH"
    },
    {
      "quarter": "2023-06 (Q2)",
      "signal": "FCF TURNED POSITIVE",
      "detail": "FCF margin: -0.3% -> +5.7%",
      "severity": "HIGH"
    },
    {
      "quarter": "2023-06 (Q2)",
      "signal": "OP MARGIN TURNED POSITIVE (YoY)",
      "detail": "Op margin: -2.8% (year-ago) -> +2.0%",
      "severity": "HIGH"
    },
    {
      "quarter": "2023-03 (Q1)",
      "signal": "OP MARGIN TURNED POSITIVE (YoY)",
      "detail": "Op margin: -0.3% (year-ago) -> +3.0%",
      "severity": "HIGH"
    },
    {
      "quarter": "2022-12 (Q4)",
      "signal": "OP MARGIN TURNED POSITIVE (QoQ)",
      "detail": "Op margin: -3.5% -> +2.0%",
      "severity": "HIGH"
    },
    {
      "quarter": "2022-09 (Q3)",
      "signal": "FCF TURNED POSITIVE",
      "detail": "FCF margin: -5.8% -> +2.6%",
      "severity": "HIGH"
    },
    {
      "quarter": "2022-03 (Q1)",
      "signal": "FCF TURNED POSITIVE",
      "detail": "FCF margin: -2.2% -> +2.9%",
      "severity": "HIGH"
    },
    {
      "quarter": "2021-12 (Q4)",
      "signal": "GROSS MARGIN INFLECTION",
      "detail": "GM: +41.2% -> +40.0% -> +43.1% (reversal +3.1%)",
      "severity": "MEDIUM"
    },
    {
      "quarter": "2021-06 (Q2)",
      "signal": "GROSS MARGIN INFLECTION",
      "detail": "GM: +43.0% -> +38.5% -> +41.2% (reversal +2.7%)",
      "severity": "MEDIUM"
    },
    {
      "quarter": "2021-03 (Q1)",
      "signal": "FCF TURNED POSITIVE",
      "detail": "FCF margin: -2.8% -> +6.9%",
      "severity": "HIGH"
    }
  ],
  "data_quality": {
    "n_quarters": 20,
    "coverage": {
      "revenue": [
        20,
        20
      ],
      "gross_profit": [
        20,
        20
      ],
      "op_income": [
        18,
        20
      ],
      "fcf": [
        20,
        20
      ]
    },
    "gaps": [],
    "warnings": []
  },
  "market_cap": null,
  "source": "SEC EDGAR",
  "last_updated": "2026-02-02T22:05:37.846501"
}