{
  "ticker": "TDDWW",
  "name": "TIDEWATER INC",
  "quarters": [
    {
      "date": "2020-12-31T00:00:00",
      "quarter_label": "2020-12 (Q4)",
      "revenue": 91859000,
      "gross_profit": null,
      "operating_income": -25348000,
      "net_income": -29247000,
      "opex": 117207000,
      "cogs": null,
      "rd": null,
      "sga": null,
      "fcf": -8038000,
      "ocf": 2180000,
      "capex": -10218000,
      "gross_margin": null,
      "op_margin": -0.27594465430714465,
      "fcf_margin": -0.08750367410923263
    },
    {
      "date": "2021-03-31T00:00:00",
      "quarter_label": "2021-03 (Q1)",
      "revenue": 83504000,
      "gross_profit": -16848000,
      "operating_income": -26301000,
      "net_income": -35315000,
      "opex": 109805000,
      "cogs": null,
      "rd": null,
      "sga": null,
      "fcf": 4520000,
      "ocf": 5716000,
      "capex": -1196000,
      "gross_margin": -0.20176278980647633,
      "op_margin": -0.3149669476911286,
      "fcf_margin": 0.054129143514083156,
      "fcf_margin_change": 0.14163281762331578
    },
    {
      "date": "2021-06-30T00:00:00",
      "quarter_label": "2021-06 (Q2)",
      "revenue": 89953000,
      "gross_profit": null,
      "operating_income": -20159000,
      "net_income": -29462000,
      "opex": 110112000,
      "cogs": null,
      "rd": null,
      "sga": null,
      "fcf": 4186000,
      "ocf": 4851000,
      "capex": -665000,
      "gross_margin": null,
      "op_margin": -0.22410592198147922,
      "fcf_margin": 0.04653541293786755,
      "op_leverage_ratio": 27.62287246143351,
      "fcf_margin_change": -0.007593730576215603
    },
    {
      "date": "2021-09-30T00:00:00",
      "quarter_label": "2021-09 (Q3)",
      "revenue": 92401000,
      "gross_profit": null,
      "operating_income": -21564000,
      "net_income": -26258000,
      "opex": 113965000,
      "cogs": null,
      "rd": null,
      "sga": null,
      "fcf": -3221000,
      "ocf": -2499000,
      "capex": -722000,
      "gross_margin": null,
      "op_margin": -0.2333740976829255,
      "fcf_margin": -0.03485893009815911,
      "op_leverage_ratio": 0.7777345696887259,
      "fcf_margin_change": -0.08139434303602666
    },
    {
      "date": "2021-12-31T00:00:00",
      "quarter_label": "2021-12 (Q4)",
      "revenue": 105175000,
      "gross_profit": null,
      "operating_income": -26992000,
      "net_income": -37934000,
      "opex": 132167000,
      "cogs": null,
      "rd": null,
      "sga": null,
      "fcf": 570000,
      "ocf": 6938000,
      "capex": -6368000,
      "gross_margin": null,
      "op_margin": -0.25663893510815305,
      "fcf_margin": 0.005419538863798431,
      "incr_op_margin_yoy": -0.12346049864824271,
      "rev_growth_yoy": 0.14496129938274965,
      "op_leverage_ratio": 0.8655708561587567,
      "fcf_margin_change": 0.04027846896195754
    },
    {
      "date": "2022-03-31T00:00:00",
      "quarter_label": "2022-03 (Q1)",
      "revenue": 105729000,
      "gross_profit": null,
      "operating_income": -7310000,
      "net_income": -12168000,
      "opex": 113039000,
      "cogs": null,
      "rd": null,
      "sga": null,
      "fcf": -12853000,
      "ocf": -11624000,
      "capex": -1229000,
      "gross_margin": null,
      "op_margin": -0.06913902524378364,
      "fcf_margin": -0.12156551182740781,
      "incr_op_margin_yoy": 0.8544881889763779,
      "rev_growth_yoy": 0.2661549147346235,
      "rev_growth_yoy_accel": 0.12119361535187384,
      "fcf_margin_change": -0.12698505069120625
    },
    {
      "date": "2022-06-30T00:00:00",
      "quarter_label": "2022-06 (Q2)",
      "revenue": 163447000,
      "gross_profit": null,
      "operating_income": 1840000,
      "net_income": -25581000,
      "opex": 161607000,
      "cogs": null,
      "rd": null,
      "sga": null,
      "fcf": -25754000,
      "ocf": -21603000,
      "capex": -4151000,
      "gross_margin": null,
      "op_margin": 0.01125747184102492,
      "fcf_margin": -0.15756789662704118,
      "incr_op_margin_yoy": 0.2993305575965385,
      "rev_growth_yoy": 0.8170266694829522,
      "rev_growth_yoy_accel": 0.5508717547483287,
      "op_leverage_ratio": 1.27056016840349,
      "fcf_margin_change": -0.03600238479963337
    },
    {
      "date": "2022-09-30T00:00:00",
      "quarter_label": "2022-09 (Q3)",
      "revenue": 191762000,
      "gross_profit": null,
      "operating_income": 19060000,
      "net_income": 5380000,
      "opex": 172702000,
      "cogs": null,
      "rd": null,
      "sga": null,
      "fcf": 21785000,
      "ocf": 28113000,
      "capex": -6328000,
      "gross_margin": null,
      "op_margin": 0.09939404052940624,
      "fcf_margin": 0.11360436374255588,
      "incr_op_margin_yoy": 0.4088525679089381,
      "rev_growth_yoy": 1.075323860131384,
      "rev_growth_yoy_accel": 0.2582971906484317,
      "op_leverage_ratio": 2.5233208368473528,
      "fcf_margin_change": 0.2711722603695971
    },
    {
      "date": "2022-12-31T00:00:00",
      "quarter_label": "2022-12 (Q4)",
      "revenue": 186746000,
      "gross_profit": null,
      "operating_income": 13118000,
      "net_income": 10620000,
      "opex": 173628000,
      "cogs": null,
      "rd": null,
      "sga": null,
      "fcf": 40411000,
      "ocf": 45340000,
      "capex": -4929000,
      "gross_margin": null,
      "op_margin": 0.07024514581302946,
      "fcf_margin": 0.21639553189894295,
      "incr_op_margin_yoy": 0.49171887067707887,
      "rev_growth_yoy": 0.7755740432612312,
      "rev_growth_yoy_accel": -0.2997498168701527,
      "fcf_margin_change": 0.10279116815638707
    },
    {
      "date": "2023-03-31T00:00:00",
      "quarter_label": "2023-03 (Q1)",
      "revenue": 193104000,
      "gross_profit": null,
      "operating_income": 24499000,
      "net_income": 10738000,
      "opex": 168605000,
      "cogs": null,
      "rd": null,
      "sga": null,
      "fcf": 4143000,
      "ocf": 12794000,
      "capex": -8651000,
      "gross_margin": null,
      "op_margin": 0.12686945894440302,
      "fcf_margin": 0.021454760129256775,
      "incr_op_margin_yoy": 0.36405150214592275,
      "rev_growth_yoy": 0.8264052435944726,
      "rev_growth_yoy_accel": 0.0508312003332414,
      "op_leverage_ratio": Infinity,
      "fcf_margin_change": -0.19494077176968616
    },
    {
      "date": "2023-06-30T00:00:00",
      "quarter_label": "2023-06 (Q2)",
      "revenue": 214961000,
      "gross_profit": null,
      "operating_income": 38947000,
      "net_income": 22584000,
      "opex": 176014000,
      "cogs": null,
      "rd": null,
      "sga": null,
      "fcf": 892000,
      "ocf": 9741000,
      "capex": -8849000,
      "gross_margin": null,
      "op_margin": 0.1811817027274715,
      "fcf_margin": 0.004149589925614414,
      "incr_op_margin_yoy": 0.7203284544007454,
      "rev_growth_yoy": 0.31517250240139005,
      "rev_growth_yoy_accel": -0.5112327411930826,
      "op_leverage_ratio": 2.5757881273926553,
      "fcf_margin_change": -0.01730517020364236
    },
    {
      "date": "2023-09-30T00:00:00",
      "quarter_label": "2023-09 (Q3)",
      "revenue": 299262000,
      "gross_profit": null,
      "operating_income": 55674000,
      "net_income": 26199000,
      "opex": 243588000,
      "cogs": null,
      "rd": null,
      "sga": null,
      "fcf": 29237000,
      "ocf": 34939000,
      "capex": -5702000,
      "gross_margin": null,
      "op_margin": 0.18603765262545863,
      "fcf_margin": 0.09769700128983967,
      "incr_op_margin_yoy": 0.3405953488372093,
      "rev_growth_yoy": 0.5605907322618663,
      "rev_growth_yoy_accel": 0.24541822986047623,
      "op_leverage_ratio": 1.0215053316123277,
      "fcf_margin_change": 0.09354741136422526
    },
    {
      "date": "2023-12-31T00:00:00",
      "quarter_label": "2023-12 (Q4)",
      "revenue": 302658000,
      "gross_profit": null,
      "operating_income": 63095000,
      "net_income": 37664000,
      "opex": 239563000,
      "cogs": null,
      "rd": null,
      "sga": null,
      "fcf": 38845000,
      "ocf": 47231000,
      "capex": -8386000,
      "gross_margin": null,
      "op_margin": 0.20846962578223605,
      "fcf_margin": 0.1283461861242723,
      "incr_op_margin_yoy": 0.43116329629374006,
      "rev_growth_yoy": 0.6206933481841646,
      "rev_growth_yoy_accel": 0.060102615922298264,
      "op_leverage_ratio": Infinity,
      "fcf_margin_change": 0.030649184834432616
    },
    {
      "date": "2024-03-31T00:00:00",
      "quarter_label": "2024-03 (Q1)",
      "revenue": 321164000,
      "gross_profit": null,
      "operating_income": 81898000,
      "net_income": 47026000,
      "opex": 239266000,
      "cogs": null,
      "rd": null,
      "sga": null,
      "fcf": 43823000,
      "ocf": 54765000,
      "capex": -10942000,
      "gross_margin": null,
      "op_margin": 0.2550036741353327,
      "fcf_margin": 0.13645053617466466,
      "incr_op_margin_yoy": 0.44821958456973293,
      "rev_growth_yoy": 0.6631659623829647,
      "rev_growth_yoy_accel": 0.04247261419880011,
      "op_leverage_ratio": Infinity,
      "fcf_margin_change": 0.008104350050392367
    },
    {
      "date": "2024-06-30T00:00:00",
      "quarter_label": "2024-06 (Q2)",
      "revenue": 339230000,
      "gross_profit": null,
      "operating_income": 78127000,
      "net_income": 50354000,
      "opex": 261103000,
      "cogs": null,
      "rd": null,
      "sga": null,
      "fcf": 72253000,
      "ocf": 78645000,
      "capex": -6392000,
      "gross_margin": null,
      "op_margin": 0.23030687144415293,
      "fcf_margin": 0.2129911859210565,
      "incr_op_margin_yoy": 0.3152837795427661,
      "rev_growth_yoy": 0.578100213527105,
      "rev_growth_yoy_accel": -0.08506574885585971,
      "op_leverage_ratio": 0.6163439860361349,
      "fcf_margin_change": 0.07654064974639185
    },
    {
      "date": "2024-09-30T00:00:00",
      "quarter_label": "2024-09 (Q3)",
      "revenue": 340356000,
      "gross_profit": null,
      "operating_income": 69946000,
      "net_income": 46371000,
      "opex": 270410000,
      "cogs": null,
      "rd": null,
      "sga": null,
      "fcf": 43311000,
      "ocf": 49023000,
      "capex": -5712000,
      "gross_margin": null,
      "op_margin": 0.20550835008050394,
      "fcf_margin": 0.12725205373197476,
      "incr_op_margin_yoy": 0.34730130919355623,
      "rev_growth_yoy": 0.13731780179240932,
      "rev_growth_yoy_accel": -0.4407824117346956,
      "fcf_margin_change": -0.08573913218908175
    },
    {
      "date": "2024-12-31T00:00:00",
      "quarter_label": "2024-12 (Q4)",
      "revenue": 345085000,
      "gross_profit": null,
      "operating_income": 81377000,
      "net_income": 36905000,
      "opex": 263708000,
      "cogs": null,
      "rd": null,
      "sga": null,
      "fcf": 86882000,
      "ocf": 91416000,
      "capex": -4534000,
      "gross_margin": null,
      "op_margin": 0.23581726241360823,
      "fcf_margin": 0.2517698538041352,
      "incr_op_margin_yoy": 0.43090484832771586,
      "rev_growth_yoy": 0.14018132677807954,
      "rev_growth_yoy_accel": 0.0028635249856702183,
      "op_leverage_ratio": Infinity,
      "fcf_margin_change": 0.12451780007216043
    },
    {
      "date": "2025-03-31T00:00:00",
      "quarter_label": "2025-03 (Q1)",
      "revenue": 333444000,
      "gross_profit": null,
      "operating_income": 75047000,
      "net_income": 42653000,
      "opex": 258397000,
      "cogs": null,
      "rd": null,
      "sga": null,
      "fcf": 75707000,
      "ocf": 85973000,
      "capex": -10266000,
      "gross_margin": null,
      "op_margin": 0.22506627799570542,
      "fcf_margin": 0.2270456208538765,
      "incr_op_margin_yoy": -0.5578990228013029,
      "rev_growth_yoy": 0.03823591685244922,
      "rev_growth_yoy_accel": -0.10194540992563032,
      "fcf_margin_change": -0.02472423295025869
    },
    {
      "date": "2025-06-30T00:00:00",
      "quarter_label": "2025-06 (Q2)",
      "revenue": 341431000,
      "gross_profit": null,
      "operating_income": 80922000,
      "net_income": 72930000,
      "opex": 260509000,
      "cogs": null,
      "rd": null,
      "sga": null,
      "fcf": 80207000,
      "ocf": 85433000,
      "capex": -5226000,
      "gross_margin": null,
      "op_margin": 0.23700835600750958,
      "fcf_margin": 0.23491422864356196,
      "incr_op_margin_yoy": 1.2698773284870513,
      "rev_growth_yoy": 0.006488223329304601,
      "rev_growth_yoy_accel": -0.03174769352314462,
      "op_leverage_ratio": 2.930585055704688,
      "fcf_margin_change": 0.007868607789685456
    },
    {
      "date": "2025-09-30T00:00:00",
      "quarter_label": "2025-09 (Q3)",
      "revenue": 341113000,
      "gross_profit": null,
      "operating_income": 62651000,
      "net_income": -806000,
      "opex": 278462000,
      "cogs": null,
      "rd": null,
      "sga": null,
      "fcf": 49620000,
      "ocf": 54742000,
      "capex": -5122000,
      "gross_margin": null,
      "op_margin": 0.18366640966483247,
      "fcf_margin": 0.14546499253912926,
      "rev_growth_yoy": 0.002224141780958761,
      "rev_growth_yoy_accel": -0.00426408154834584,
      "fcf_margin_change": -0.0894492361044327
    }
  ],
  "signals": [
    {
      "quarter": "2025-06 (Q2)",
      "signal": "OPERATING LEVERAGE",
      "detail": "Rev growth +2.4% vs OpEx growth +0.8% (leverage: 2.9x)",
      "severity": "MEDIUM"
    },
    {
      "quarter": "2025-06 (Q2)",
      "signal": "INCREMENTAL MARGIN (YoY)",
      "detail": "YoY Incr OPM: +127.0% vs year-ago OPM: +23.0%",
      "severity": "HIGH"
    },
    {
      "quarter": "2025-03 (Q1)",
      "signal": "YoY REVENUE GROWTH DECELERATION",
      "detail": "YoY growth: +3.8% vs prior quarter YoY: +14.0% (decel: -10.2%)",
      "severity": "WARNING"
    },
    {
      "quarter": "2024-12 (Q4)",
      "signal": "FCF MARGIN EXPANSION",
      "detail": "FCF margin: +12.7% -> +25.2% (+12.5%)",
      "severity": "MEDIUM"
    },
    {
      "quarter": "2024-12 (Q4)",
      "signal": "INCREMENTAL MARGIN (YoY)",
      "detail": "YoY Incr OPM: +43.1% vs year-ago OPM: +20.8%",
      "severity": "HIGH"
    },
    {
      "quarter": "2024-09 (Q3)",
      "signal": "YoY REVENUE GROWTH DECELERATION",
      "detail": "YoY growth: +13.7% vs prior quarter YoY: +57.8% (decel: -44.1%)",
      "severity": "WARNING"
    },
    {
      "quarter": "2024-09 (Q3)",
      "signal": "INCREMENTAL MARGIN (YoY)",
      "detail": "YoY Incr OPM: +34.7% vs year-ago OPM: +18.6%",
      "severity": "MEDIUM"
    },
    {
      "quarter": "2024-06 (Q2)",
      "signal": "FCF MARGIN EXPANSION",
      "detail": "FCF margin: +13.6% -> +21.3% (+7.7%)",
      "severity": "MEDIUM"
    },
    {
      "quarter": "2024-06 (Q2)",
      "signal": "YoY REVENUE GROWTH DECELERATION",
      "detail": "YoY growth: +57.8% vs prior quarter YoY: +66.3% (decel: -8.5%)",
      "severity": "WARNING"
    },
    {
      "quarter": "2024-06 (Q2)",
      "signal": "INCREMENTAL MARGIN (YoY)",
      "detail": "YoY Incr OPM: +31.5% vs year-ago OPM: +18.1%",
      "severity": "MEDIUM"
    },
    {
      "quarter": "2024-03 (Q1)",
      "signal": "INCREMENTAL MARGIN (YoY)",
      "detail": "YoY Incr OPM: +44.8% vs year-ago OPM: +12.7%",
      "severity": "HIGH"
    },
    {
      "quarter": "2023-12 (Q4)",
      "signal": "YoY REVENUE GROWTH ACCELERATION",
      "detail": "YoY growth: +62.1% vs prior quarter YoY: +56.1% (accel: +6.0%)",
      "severity": "MEDIUM"
    },
    {
      "quarter": "2023-12 (Q4)",
      "signal": "INCREMENTAL MARGIN (YoY)",
      "detail": "YoY Incr OPM: +43.1% vs year-ago OPM: +7.0%",
      "severity": "HIGH"
    },
    {
      "quarter": "2023-09 (Q3)",
      "signal": "FCF MARGIN EXPANSION",
      "detail": "FCF margin: +0.4% -> +9.8% (+9.4%)",
      "severity": "MEDIUM"
    },
    {
      "quarter": "2023-09 (Q3)",
      "signal": "YoY REVENUE GROWTH ACCELERATION",
      "detail": "YoY growth: +56.1% vs prior quarter YoY: +31.5% (accel: +24.5%)",
      "severity": "HIGH"
    },
    {
      "quarter": "2023-09 (Q3)",
      "signal": "INCREMENTAL MARGIN (YoY)",
      "detail": "YoY Incr OPM: +34.1% vs year-ago OPM: +9.9%",
      "severity": "HIGH"
    },
    {
      "quarter": "2023-06 (Q2)",
      "signal": "OPERATING LEVERAGE",
      "detail": "Rev growth +11.3% vs OpEx growth +4.4% (leverage: 2.6x)",
      "severity": "MEDIUM"
    },
    {
      "quarter": "2023-06 (Q2)",
      "signal": "YoY REVENUE GROWTH DECELERATION",
      "detail": "YoY growth: +31.5% vs prior quarter YoY: +82.6% (decel: -51.1%)",
      "severity": "WARNING"
    },
    {
      "quarter": "2023-06 (Q2)",
      "signal": "INCREMENTAL MARGIN (YoY)",
      "detail": "YoY Incr OPM: +72.0% vs year-ago OPM: +1.1%",
      "severity": "HIGH"
    },
    {
      "quarter": "2023-03 (Q1)",
      "signal": "YoY REVENUE GROWTH ACCELERATION",
      "detail": "YoY growth: +82.6% vs prior quarter YoY: +77.6% (accel: +5.1%)",
      "severity": "MEDIUM"
    },
    {
      "quarter": "2023-03 (Q1)",
      "signal": "OP MARGIN TURNED POSITIVE (YoY)",
      "detail": "Op margin: -6.9% (year-ago) -> +12.7%",
      "severity": "HIGH"
    },
    {
      "quarter": "2022-12 (Q4)",
      "signal": "FCF MARGIN EXPANSION",
      "detail": "FCF margin: +11.4% -> +21.6% (+10.3%)",
      "severity": "MEDIUM"
    },
    {
      "quarter": "2022-12 (Q4)",
      "signal": "YoY REVENUE GROWTH DECELERATION",
      "detail": "YoY growth: +77.6% vs prior quarter YoY: +107.5% (decel: -30.0%)",
      "severity": "WARNING"
    },
    {
      "quarter": "2022-12 (Q4)",
      "signal": "OP MARGIN TURNED POSITIVE (YoY)",
      "detail": "Op margin: -25.7% (year-ago) -> +7.0%",
      "severity": "HIGH"
    },
    {
      "quarter": "2022-09 (Q3)",
      "signal": "FCF TURNED POSITIVE",
      "detail": "FCF margin: -15.8% -> +11.4%",
      "severity": "HIGH"
    },
    {
      "quarter": "2022-09 (Q3)",
      "signal": "OPERATING LEVERAGE",
      "detail": "Rev growth +17.3% vs OpEx growth +6.9% (leverage: 2.5x)",
      "severity": "MEDIUM"
    },
    {
      "quarter": "2022-09 (Q3)",
      "signal": "YoY REVENUE GROWTH ACCELERATION",
      "detail": "YoY growth: +107.5% vs prior quarter YoY: +81.7% (accel: +25.8%)",
      "severity": "HIGH"
    },
    {
      "quarter": "2022-09 (Q3)",
      "signal": "OP MARGIN TURNED POSITIVE (YoY)",
      "detail": "Op margin: -23.3% (year-ago) -> +9.9%",
      "severity": "HIGH"
    },
    {
      "quarter": "2022-06 (Q2)",
      "signal": "YoY REVENUE GROWTH ACCELERATION",
      "detail": "YoY growth: +81.7% vs prior quarter YoY: +26.6% (accel: +55.1%)",
      "severity": "HIGH"
    },
    {
      "quarter": "2022-06 (Q2)",
      "signal": "OP MARGIN TURNED POSITIVE (YoY)",
      "detail": "Op margin: -22.4% (year-ago) -> +1.1%",
      "severity": "HIGH"
    },
    {
      "quarter": "2022-06 (Q2)",
      "signal": "OP MARGIN TURNED POSITIVE (QoQ)",
      "detail": "Op margin: -6.9% -> +1.1%",
      "severity": "HIGH"
    },
    {
      "quarter": "2022-03 (Q1)",
      "signal": "YoY REVENUE GROWTH ACCELERATION",
      "detail": "YoY growth: +26.6% vs prior quarter YoY: +14.5% (accel: +12.1%)",
      "severity": "MEDIUM"
    },
    {
      "quarter": "2021-12 (Q4)",
      "signal": "FCF TURNED POSITIVE",
      "detail": "FCF margin: -3.5% -> +0.5%",
      "severity": "HIGH"
    },
    {
      "quarter": "2021-06 (Q2)",
      "signal": "OPERATING LEVERAGE",
      "detail": "Rev growth +7.7% vs OpEx growth +0.3% (leverage: 27.6x)",
      "severity": "MEDIUM"
    },
    {
      "quarter": "2021-03 (Q1)",
      "signal": "FCF TURNED POSITIVE",
      "detail": "FCF margin: -8.8% -> +5.4%",
      "severity": "HIGH"
    }
  ],
  "data_quality": {
    "n_quarters": 20,
    "coverage": {
      "revenue": [
        20,
        20
      ],
      "gross_profit": [
        1,
        20
      ],
      "op_income": [
        20,
        20
      ],
      "fcf": [
        20,
        20
      ]
    },
    "gaps": [],
    "warnings": [
      "gross_profit: 1/20Q"
    ]
  },
  "market_cap": null,
  "source": "SEC EDGAR",
  "last_updated": "2026-02-03T01:07:42.863294"
}