{
  "ticker": "TDOC",
  "name": "TELADOC HEALTH, INC.",
  "quarters": [
    {
      "date": "2020-12-31T00:00:00",
      "quarter_label": "2020-12 (Q4)",
      "revenue": 383321000,
      "gross_profit": 260379000,
      "operating_income": -458506000,
      "net_income": -393967000,
      "opex": 841827000,
      "cogs": 122942000,
      "rd": 92697000,
      "sga": null,
      "fcf": -116088000,
      "ocf": -114936000,
      "capex": -1152000,
      "gross_margin": 0.6792714200369925,
      "op_margin": -1.1961410932351737,
      "fcf_margin": -0.302848004674933
    },
    {
      "date": "2021-03-31T00:00:00",
      "quarter_label": "2021-03 (Q1)",
      "revenue": 453675000,
      "gross_profit": 307716000,
      "operating_income": -84678000,
      "net_income": -199649000,
      "opex": 538353000,
      "cogs": 145959000,
      "rd": 78008000,
      "sga": null,
      "fcf": -20141000,
      "ocf": -18026000,
      "capex": -2115000,
      "gross_margin": 0.6782740948917176,
      "op_margin": -0.18664903289799967,
      "fcf_margin": -0.04439521684024908,
      "op_leverage_ratio": Infinity,
      "fcf_margin_change": 0.25845278783468395
    },
    {
      "date": "2021-06-30T00:00:00",
      "quarter_label": "2021-06 (Q2)",
      "revenue": 503139000,
      "gross_profit": 342866000,
      "operating_income": -78948000,
      "net_income": -133819000,
      "opex": 582087000,
      "cogs": 160273000,
      "rd": 80759000,
      "sga": null,
      "fcf": 49927000,
      "ocf": 52217000,
      "capex": -2290000,
      "gross_margin": 0.6814538328374465,
      "op_margin": -0.15691091328638807,
      "fcf_margin": 0.09923102760867275,
      "op_leverage_ratio": 1.3421230110044053,
      "fcf_margin_change": 0.14362624444892183
    },
    {
      "date": "2021-09-30T00:00:00",
      "quarter_label": "2021-09 (Q3)",
      "revenue": 521658000,
      "gross_profit": 352617000,
      "operating_income": -60576000,
      "net_income": -84340000,
      "opex": 582234000,
      "cogs": 169041000,
      "rd": 80250000,
      "sga": null,
      "fcf": 75385000,
      "ocf": 76591000,
      "capex": -1206000,
      "gross_margin": 0.6759543609031204,
      "op_margin": -0.11612205697986037,
      "fcf_margin": 0.14451038803200564,
      "op_leverage_ratio": Infinity,
      "fcf_margin_change": 0.04527936042333289
    },
    {
      "date": "2021-12-31T00:00:00",
      "quarter_label": "2021-12 (Q4)",
      "revenue": 554235000,
      "gross_profit": 379250000,
      "operating_income": -41429000,
      "net_income": -10985000,
      "opex": 595664000,
      "cogs": 174985000,
      "rd": 72867000,
      "sga": null,
      "fcf": 80285000,
      "ocf": 83208000,
      "capex": -2923000,
      "gross_margin": 0.6842765253006396,
      "op_margin": -0.07474988046586736,
      "fcf_margin": 0.14485732586357772,
      "incr_op_margin_yoy": 2.440274055957967,
      "rev_growth_yoy": 0.44587695430200797,
      "op_leverage_ratio": 2.7073647245147368,
      "fcf_margin_change": 0.0003469378315720806
    },
    {
      "date": "2022-03-31T00:00:00",
      "quarter_label": "2022-03 (Q1)",
      "revenue": 565350000,
      "gross_profit": 378325000,
      "operating_income": -6669379000,
      "net_income": -6674523000,
      "opex": 7234729000,
      "cogs": 187025000,
      "rd": 87412000,
      "sga": null,
      "fcf": -35660000,
      "ocf": -31747000,
      "capex": -3913000,
      "gross_margin": 0.669187229150084,
      "op_margin": -11.796902803573008,
      "fcf_margin": -0.06307597063765809,
      "incr_op_margin_yoy": -58.96307141258115,
      "rev_growth_yoy": 0.24615638948586543,
      "rev_growth_yoy_accel": -0.19972056481614253,
      "op_leverage_ratio": 0.0017993263993315498,
      "fcf_margin_change": -0.20793329650123582
    },
    {
      "date": "2022-06-30T00:00:00",
      "quarter_label": "2022-06 (Q2)",
      "revenue": 592379000,
      "gross_profit": 409909000,
      "operating_income": -3096552000,
      "net_income": -3101461000,
      "opex": 3688931000,
      "cogs": 182470000,
      "rd": 80826000,
      "sga": null,
      "fcf": 89927000,
      "ocf": 92469000,
      "capex": -2542000,
      "gross_margin": 0.6919708497431543,
      "op_margin": -5.22731562057399,
      "fcf_margin": 0.15180652926589228,
      "incr_op_margin_yoy": -33.81447781264007,
      "rev_growth_yoy": 0.17736649315596684,
      "rev_growth_yoy_accel": -0.0687898963298986,
      "op_leverage_ratio": Infinity,
      "fcf_margin_change": 0.21488249990355035
    },
    {
      "date": "2022-09-30T00:00:00",
      "quarter_label": "2022-09 (Q3)",
      "revenue": 611402000,
      "gross_profit": 425783000,
      "operating_income": -71730000,
      "net_income": -73476000,
      "opex": 683132000,
      "cogs": 185619000,
      "rd": 87815000,
      "sga": null,
      "fcf": 59191000,
      "ocf": 63021000,
      "capex": -3830000,
      "gross_margin": 0.6964043297208711,
      "op_margin": -0.11732051906928666,
      "fcf_margin": 0.09681191752725703,
      "incr_op_margin_yoy": -0.12428686040292387,
      "rev_growth_yoy": 0.1720360849445422,
      "rev_growth_yoy_accel": -0.0053304082114246365,
      "op_leverage_ratio": Infinity,
      "fcf_margin_change": -0.05499461173863525
    },
    {
      "date": "2022-12-31T00:00:00",
      "quarter_label": "2022-12 (Q4)",
      "revenue": 637709000,
      "gross_profit": 448836000,
      "operating_income": -3815553000,
      "net_income": -3810071000,
      "opex": 4453262000,
      "cogs": 188873000,
      "rd": 77576000,
      "sga": null,
      "fcf": 59354000,
      "ocf": 65549000,
      "capex": -6195000,
      "gross_margin": 0.7038257261540922,
      "op_margin": -5.983219618979817,
      "fcf_margin": 0.09307380011886299,
      "incr_op_margin_yoy": -45.21316817212545,
      "rev_growth_yoy": 0.15061120282912482,
      "rev_growth_yoy_accel": -0.021424882115417376,
      "op_leverage_ratio": 0.007796375959225736,
      "fcf_margin_change": -0.00373811740839404
    },
    {
      "date": "2023-03-31T00:00:00",
      "quarter_label": "2023-03 (Q1)",
      "revenue": 629244000,
      "gross_profit": 439137000,
      "operating_income": -77102000,
      "net_income": -69228000,
      "opex": 706346000,
      "cogs": 190107000,
      "rd": 86985000,
      "sga": null,
      "fcf": 10793000,
      "ocf": 13156000,
      "capex": -2363000,
      "gross_margin": 0.6978803135190801,
      "op_margin": -0.12253116438138464,
      "fcf_margin": 0.01715232882633764,
      "incr_op_margin_yoy": 103.17521206999092,
      "rev_growth_yoy": 0.11301671530910055,
      "rev_growth_yoy_accel": -0.03759448752002427,
      "fcf_margin_change": -0.07592147129252536
    },
    {
      "date": "2023-06-30T00:00:00",
      "quarter_label": "2023-06 (Q2)",
      "revenue": 652406000,
      "gross_profit": 461866000,
      "operating_income": -71645000,
      "net_income": -65177000,
      "opex": 724051000,
      "cogs": 190540000,
      "rd": 87309000,
      "sga": null,
      "fcf": 99278000,
      "ocf": 101182000,
      "capex": -1904000,
      "gross_margin": 0.7079426001600231,
      "op_margin": -0.10981658660404717,
      "fcf_margin": 0.1521721136838104,
      "incr_op_margin_yoy": 50.39244006863578,
      "rev_growth_yoy": 0.101332086383886,
      "rev_growth_yoy_accel": -0.01168462892521456,
      "op_leverage_ratio": 1.4685154944592846,
      "fcf_margin_change": 0.13501978485747276
    },
    {
      "date": "2023-09-30T00:00:00",
      "quarter_label": "2023-09 (Q3)",
      "revenue": 660238000,
      "gross_profit": 474278000,
      "operating_income": -64725000,
      "net_income": -57073000,
      "opex": 724963000,
      "cogs": 185960000,
      "rd": 84289000,
      "sga": null,
      "fcf": 99808000,
      "ocf": 105601000,
      "capex": -5793000,
      "gross_margin": 0.7183439911062375,
      "op_margin": -0.09803283058533438,
      "fcf_margin": 0.15116972970353115,
      "incr_op_margin_yoy": 0.14343926611516095,
      "rev_growth_yoy": 0.07987543383894721,
      "rev_growth_yoy_accel": -0.02145665254493878,
      "op_leverage_ratio": 9.53079331829265,
      "fcf_margin_change": -0.0010023839802792422
    },
    {
      "date": "2023-12-31T00:00:00",
      "quarter_label": "2023-12 (Q4)",
      "revenue": 660527000,
      "gross_profit": 467103000,
      "operating_income": -35081000,
      "net_income": -28890000,
      "opex": 695608000,
      "cogs": 193424000,
      "rd": 89938000,
      "sga": null,
      "fcf": 128678000,
      "ocf": 130082000,
      "capex": -1404000,
      "gross_margin": 0.7071671559224679,
      "op_margin": -0.05311062227584944,
      "fcf_margin": 0.19481111294466388,
      "incr_op_margin_yoy": 165.67937593128232,
      "rev_growth_yoy": 0.03578121055214839,
      "rev_growth_yoy_accel": -0.04409422328679882,
      "fcf_margin_change": 0.04364138324113273
    },
    {
      "date": "2024-03-31T00:00:00",
      "quarter_label": "2024-03 (Q1)",
      "revenue": 646131000,
      "gross_profit": 451593000,
      "operating_income": -87122000,
      "net_income": -81889000,
      "opex": 733253000,
      "cogs": 194538000,
      "rd": 81388000,
      "sga": null,
      "fcf": 7771000,
      "ocf": 8920000,
      "capex": -1149000,
      "gross_margin": 0.6989186403376405,
      "op_margin": -0.1348364340977294,
      "fcf_margin": 0.012026972858445114,
      "incr_op_margin_yoy": -0.5933558358500621,
      "rev_growth_yoy": 0.02683696626427904,
      "rev_growth_yoy_accel": -0.00894424428786935,
      "fcf_margin_change": -0.18278414008621877
    },
    {
      "date": "2024-06-30T00:00:00",
      "quarter_label": "2024-06 (Q2)",
      "revenue": 642444000,
      "gross_profit": 454385000,
      "operating_income": -841148000,
      "net_income": -837671000,
      "opex": 1483592000,
      "cogs": 188059000,
      "rd": 76751000,
      "sga": null,
      "fcf": 86771000,
      "ocf": 88683000,
      "capex": -1912000,
      "gross_margin": 0.7072756535978233,
      "op_margin": -1.3092938839805492,
      "fcf_margin": 0.13506391218534222,
      "incr_op_margin_yoy": 77.24382654085525,
      "rev_growth_yoy": -0.015269632713371735,
      "rev_growth_yoy_accel": -0.042106598977650775,
      "fcf_margin_change": 0.1230369393268971
    },
    {
      "date": "2024-09-30T00:00:00",
      "quarter_label": "2024-09 (Q3)",
      "revenue": 640508000,
      "gross_profit": 460763000,
      "operating_income": -44401000,
      "net_income": -33276000,
      "opex": 684909000,
      "cogs": 179745000,
      "rd": 72383000,
      "sga": null,
      "fcf": 108578000,
      "ocf": 110175000,
      "capex": -1597000,
      "gross_margin": 0.7193711866206198,
      "op_margin": -0.06932153852879278,
      "fcf_margin": 0.16951856963535195,
      "incr_op_margin_yoy": -1.0301064368981248,
      "rev_growth_yoy": -0.029883163344127422,
      "rev_growth_yoy_accel": -0.014613530630755687,
      "fcf_margin_change": 0.034454657450009724
    },
    {
      "date": "2024-12-31T00:00:00",
      "quarter_label": "2024-12 (Q4)",
      "revenue": 640491000,
      "gross_profit": 451563000,
      "operating_income": -48215000,
      "net_income": -48409000,
      "opex": 688706000,
      "cogs": 188928000,
      "rd": 76752000,
      "sga": null,
      "fcf": 79770000,
      "ocf": 85902000,
      "capex": -6132000,
      "gross_margin": 0.7050263001353649,
      "op_margin": -0.07527818501743194,
      "fcf_margin": 0.12454507557483244,
      "incr_op_margin_yoy": 0.6555200638850069,
      "rev_growth_yoy": -0.030333355033178053,
      "rev_growth_yoy_accel": -0.0004501916890506316,
      "fcf_margin_change": -0.04497349406051951
    },
    {
      "date": "2025-03-31T00:00:00",
      "quarter_label": "2025-03 (Q1)",
      "revenue": 629369000,
      "gross_profit": 432540000,
      "operating_income": -120611000,
      "net_income": -93012000,
      "opex": 749980000,
      "cogs": 196829000,
      "rd": 69958000,
      "sga": null,
      "fcf": 13193000,
      "ocf": 15919000,
      "capex": -2726000,
      "gross_margin": 0.6872597792392062,
      "op_margin": -0.1916379739071991,
      "fcf_margin": 0.02096226538008704,
      "incr_op_margin_yoy": 1.9979119436821382,
      "rev_growth_yoy": -0.025942107714998972,
      "rev_growth_yoy_accel": 0.004391247318179081,
      "fcf_margin_change": -0.1035828101947454
    },
    {
      "date": "2025-06-30T00:00:00",
      "quarter_label": "2025-06 (Q2)",
      "revenue": 631900000,
      "gross_profit": 441363000,
      "operating_income": -54385000,
      "net_income": -32660000,
      "opex": 686285000,
      "cogs": 190537000,
      "rd": 68784000,
      "sga": null,
      "fcf": 90164000,
      "ocf": 91432000,
      "capex": -1268000,
      "gross_margin": 0.698469694571926,
      "op_margin": -0.08606583320145593,
      "fcf_margin": 0.14268713404019623,
      "incr_op_margin_yoy": -74.6171282245827,
      "rev_growth_yoy": -0.016412325432255574,
      "rev_growth_yoy_accel": 0.009529782282743399,
      "fcf_margin_change": 0.12172486866010919
    },
    {
      "date": "2025-09-30T00:00:00",
      "quarter_label": "2025-09 (Q3)",
      "revenue": 626439000,
      "gross_profit": 439260000,
      "operating_income": -51962000,
      "net_income": -49507000,
      "opex": 678401000,
      "cogs": 187179000,
      "rd": 67572000,
      "sga": null,
      "fcf": 96984000,
      "ocf": 99264000,
      "capex": -2280000,
      "gross_margin": 0.7012015535431223,
      "op_margin": -0.08294822001823003,
      "fcf_margin": 0.15481794715846237,
      "incr_op_margin_yoy": 0.5374227023953373,
      "rev_growth_yoy": -0.02196537748162396,
      "rev_growth_yoy_accel": -0.005553052049368387,
      "fcf_margin_change": 0.012130813118266137
    }
  ],
  "signals": [
    {
      "quarter": "2025-06 (Q2)",
      "signal": "FCF MARGIN EXPANSION",
      "detail": "FCF margin: +2.1% -> +14.3% (+12.2%)",
      "severity": "MEDIUM"
    },
    {
      "quarter": "2024-06 (Q2)",
      "signal": "FCF MARGIN EXPANSION",
      "detail": "FCF margin: +1.2% -> +13.5% (+12.3%)",
      "severity": "MEDIUM"
    },
    {
      "quarter": "2023-09 (Q3)",
      "signal": "OPERATING LEVERAGE",
      "detail": "Rev growth +1.2% vs OpEx growth +0.1% (leverage: 9.5x)",
      "severity": "MEDIUM"
    },
    {
      "quarter": "2023-06 (Q2)",
      "signal": "FCF MARGIN EXPANSION",
      "detail": "FCF margin: +1.7% -> +15.2% (+13.5%)",
      "severity": "MEDIUM"
    },
    {
      "quarter": "2022-06 (Q2)",
      "signal": "FCF TURNED POSITIVE",
      "detail": "FCF margin: -6.3% -> +15.2%",
      "severity": "HIGH"
    },
    {
      "quarter": "2022-06 (Q2)",
      "signal": "GROSS MARGIN INFLECTION",
      "detail": "GM: +68.4% -> +66.9% -> +69.2% (reversal +2.3%)",
      "severity": "MEDIUM"
    },
    {
      "quarter": "2022-06 (Q2)",
      "signal": "YoY REVENUE GROWTH DECELERATION",
      "detail": "YoY growth: +17.7% vs prior quarter YoY: +24.6% (decel: -6.9%)",
      "severity": "WARNING"
    },
    {
      "quarter": "2022-03 (Q1)",
      "signal": "YoY REVENUE GROWTH DECELERATION",
      "detail": "YoY growth: +24.6% vs prior quarter YoY: +44.6% (decel: -20.0%)",
      "severity": "WARNING"
    },
    {
      "quarter": "2021-12 (Q4)",
      "signal": "OPERATING LEVERAGE",
      "detail": "Rev growth +6.2% vs OpEx growth +2.3% (leverage: 2.7x)",
      "severity": "MEDIUM"
    },
    {
      "quarter": "2021-09 (Q3)",
      "signal": "OPERATING LEVERAGE",
      "detail": "Rev growth +3.7% vs OpEx growth +0.0% (leverage: 145.7x)",
      "severity": "MEDIUM"
    },
    {
      "quarter": "2021-06 (Q2)",
      "signal": "FCF TURNED POSITIVE",
      "detail": "FCF margin: -4.4% -> +9.9%",
      "severity": "HIGH"
    },
    {
      "quarter": "2021-03 (Q1)",
      "signal": "FCF MARGIN EXPANSION",
      "detail": "FCF margin: -30.3% -> -4.4% (+25.8%)",
      "severity": "MEDIUM"
    }
  ],
  "data_quality": {
    "n_quarters": 20,
    "coverage": {
      "revenue": [
        20,
        20
      ],
      "gross_profit": [
        20,
        20
      ],
      "op_income": [
        20,
        20
      ],
      "fcf": [
        20,
        20
      ]
    },
    "gaps": [],
    "warnings": []
  },
  "market_cap": null,
  "source": "SEC EDGAR",
  "last_updated": "2026-02-02T21:59:51.730732"
}