{
  "ticker": "TDS-PV",
  "name": "TELEPHONE AND DATA SYSTEMS, INC.",
  "quarters": [
    {
      "date": "2020-12-31T00:00:00",
      "quarter_label": "2020-12 (Q4)",
      "revenue": 1376000000,
      "gross_profit": null,
      "operating_income": 21000000,
      "net_income": 14000000,
      "opex": 1355000000,
      "cogs": null,
      "rd": null,
      "sga": 454000000,
      "fcf": 366000000,
      "ocf": 366000000,
      "capex": null,
      "gross_margin": null,
      "op_margin": 0.015261627906976744,
      "fcf_margin": 0.26598837209302323
    },
    {
      "date": "2021-03-31T00:00:00",
      "quarter_label": "2021-03 (Q1)",
      "revenue": 1318000000,
      "gross_profit": null,
      "operating_income": 110000000,
      "net_income": 59000000,
      "opex": 1208000000,
      "cogs": null,
      "rd": null,
      "sga": 388000000,
      "fcf": 165000000,
      "ocf": 165000000,
      "capex": null,
      "gross_margin": null,
      "op_margin": 0.0834597875569044,
      "fcf_margin": 0.1251896813353566,
      "fcf_margin_change": -0.14079869075766663
    },
    {
      "date": "2021-06-30T00:00:00",
      "quarter_label": "2021-06 (Q2)",
      "revenue": 1311000000,
      "gross_profit": null,
      "operating_income": 58000000,
      "net_income": 27000000,
      "opex": 1253000000,
      "cogs": null,
      "rd": null,
      "sga": 416000000,
      "fcf": 316000000,
      "ocf": 316000000,
      "capex": null,
      "gross_margin": null,
      "op_margin": 0.04424103737604882,
      "fcf_margin": 0.2410373760488177,
      "fcf_margin_change": 0.1158476947134611
    },
    {
      "date": "2021-09-30T00:00:00",
      "quarter_label": "2021-09 (Q3)",
      "revenue": 1328000000,
      "gross_profit": null,
      "operating_income": 69000000,
      "net_income": 40000000,
      "opex": 1259000000,
      "cogs": null,
      "rd": null,
      "sga": 429000000,
      "fcf": 382000000,
      "ocf": 382000000,
      "capex": null,
      "gross_margin": null,
      "op_margin": 0.051957831325301206,
      "fcf_margin": 0.2876506024096386,
      "op_leverage_ratio": 2.707983727434528,
      "fcf_margin_change": 0.04661322636082088
    },
    {
      "date": "2021-12-31T00:00:00",
      "quarter_label": "2021-12 (Q4)",
      "revenue": 1372000000,
      "gross_profit": null,
      "operating_income": 24000000,
      "net_income": 30000000,
      "opex": 1348000000,
      "cogs": null,
      "rd": null,
      "sga": 445000000,
      "fcf": -165000000,
      "ocf": 240000000,
      "capex": -405000000,
      "gross_margin": null,
      "op_margin": 0.01749271137026239,
      "fcf_margin": -0.12026239067055394,
      "incr_op_margin_yoy": -0.75,
      "rev_growth_yoy": -0.0029069767441860465,
      "op_leverage_ratio": 0.46869500473805337,
      "fcf_margin_change": -0.4079129930801925
    },
    {
      "date": "2022-03-31T00:00:00",
      "quarter_label": "2022-03 (Q1)",
      "revenue": 1315000000,
      "gross_profit": null,
      "operating_income": 95000000,
      "net_income": 61000000,
      "opex": 1220000000,
      "cogs": null,
      "rd": null,
      "sga": 410000000,
      "fcf": 110000000,
      "ocf": 381000000,
      "capex": -271000000,
      "gross_margin": null,
      "op_margin": 0.07224334600760456,
      "fcf_margin": 0.08365019011406843,
      "incr_op_margin_yoy": 5.0,
      "rev_growth_yoy": -0.002276176024279211,
      "rev_growth_yoy_accel": 0.0006308007199068355,
      "fcf_margin_change": 0.20391258078462238
    },
    {
      "date": "2022-06-30T00:00:00",
      "quarter_label": "2022-06 (Q2)",
      "revenue": 1349000000,
      "gross_profit": null,
      "operating_income": 63000000,
      "net_income": 35000000,
      "opex": 1286000000,
      "cogs": null,
      "rd": null,
      "sga": 427000000,
      "fcf": 98000000,
      "ocf": 353000000,
      "capex": -255000000,
      "gross_margin": null,
      "op_margin": 0.04670126019273536,
      "fcf_margin": 0.072646404744255,
      "incr_op_margin_yoy": 0.13157894736842105,
      "rev_growth_yoy": 0.028985507246376812,
      "rev_growth_yoy_accel": 0.031261683270656024,
      "op_leverage_ratio": 0.4779352459960825,
      "fcf_margin_change": -0.011003785369813432
    },
    {
      "date": "2022-09-30T00:00:00",
      "quarter_label": "2022-09 (Q3)",
      "revenue": 1392000000,
      "gross_profit": null,
      "operating_income": -11000000,
      "net_income": -8000000,
      "opex": 1403000000,
      "cogs": null,
      "rd": null,
      "sga": 462000000,
      "fcf": -101000000,
      "ocf": 167000000,
      "capex": -268000000,
      "gross_margin": null,
      "op_margin": -0.007902298850574713,
      "fcf_margin": -0.07255747126436782,
      "incr_op_margin_yoy": -1.25,
      "rev_growth_yoy": 0.04819277108433735,
      "rev_growth_yoy_accel": 0.01920726383796054,
      "op_leverage_ratio": 0.3503576565103622,
      "fcf_margin_change": -0.14520387600862283
    },
    {
      "date": "2022-12-31T00:00:00",
      "quarter_label": "2022-12 (Q4)",
      "revenue": 1357000000,
      "gross_profit": null,
      "operating_income": -25000000,
      "net_income": -25000000,
      "opex": 1382000000,
      "cogs": null,
      "rd": null,
      "sga": 468000000,
      "fcf": -113000000,
      "ocf": 254000000,
      "capex": -367000000,
      "gross_margin": null,
      "op_margin": -0.018422991893883568,
      "fcf_margin": -0.08327192336035372,
      "incr_op_margin_yoy": 3.2666666666666666,
      "rev_growth_yoy": -0.010932944606413994,
      "rev_growth_yoy_accel": -0.05912571569075135,
      "fcf_margin_change": -0.010714452095985899
    },
    {
      "date": "2023-03-31T00:00:00",
      "quarter_label": "2023-03 (Q1)",
      "revenue": 1303000000,
      "gross_profit": null,
      "operating_income": 29000000,
      "net_income": 8000000,
      "opex": 1274000000,
      "cogs": null,
      "rd": null,
      "sga": 439000000,
      "fcf": -285000000,
      "ocf": 46000000,
      "capex": -331000000,
      "gross_margin": null,
      "op_margin": 0.022256331542594012,
      "fcf_margin": -0.21872601688411358,
      "incr_op_margin_yoy": 5.5,
      "rev_growth_yoy": -0.009125475285171103,
      "rev_growth_yoy_accel": 0.0018074693212428907,
      "fcf_margin_change": -0.13545409352375987
    },
    {
      "date": "2023-06-30T00:00:00",
      "quarter_label": "2023-06 (Q2)",
      "revenue": 1267000000,
      "gross_profit": null,
      "operating_income": 33000000,
      "net_income": -2000000,
      "opex": 1234000000,
      "cogs": null,
      "rd": null,
      "sga": 436000000,
      "fcf": 170000000,
      "ocf": 468000000,
      "capex": -298000000,
      "gross_margin": null,
      "op_margin": 0.026045777426992895,
      "fcf_margin": 0.13417521704814522,
      "incr_op_margin_yoy": 0.36585365853658536,
      "rev_growth_yoy": -0.06078576723498888,
      "rev_growth_yoy_accel": -0.05166029194981778,
      "fcf_margin_change": 0.3529012339322588
    },
    {
      "date": "2023-09-30T00:00:00",
      "quarter_label": "2023-09 (Q3)",
      "revenue": 1278000000,
      "gross_profit": null,
      "operating_income": 48000000,
      "net_income": 0,
      "opex": 1230000000,
      "cogs": null,
      "rd": null,
      "sga": 432000000,
      "fcf": 132000000,
      "ocf": 409000000,
      "capex": -277000000,
      "gross_margin": null,
      "op_margin": 0.03755868544600939,
      "fcf_margin": 0.10328638497652583,
      "incr_op_margin_yoy": -0.5175438596491229,
      "rev_growth_yoy": -0.08189655172413793,
      "rev_growth_yoy_accel": -0.021110784489149048,
      "fcf_margin_change": -0.030888832071619396
    },
    {
      "date": "2023-12-31T00:00:00",
      "quarter_label": "2023-12 (Q4)",
      "revenue": 1312000000,
      "gross_profit": null,
      "operating_income": -524000000,
      "net_income": -506000000,
      "opex": 1836000000,
      "cogs": null,
      "rd": null,
      "sga": 445000000,
      "fcf": -86000000,
      "ocf": 219000000,
      "capex": -305000000,
      "gross_margin": null,
      "op_margin": -0.39939024390243905,
      "fcf_margin": -0.06554878048780488,
      "incr_op_margin_yoy": 11.088888888888889,
      "rev_growth_yoy": -0.03316138540899042,
      "rev_growth_yoy_accel": 0.04873516631514751,
      "op_leverage_ratio": 0.053998357582237096,
      "fcf_margin_change": -0.1688351654643307
    },
    {
      "date": "2024-03-31T00:00:00",
      "quarter_label": "2024-03 (Q1)",
      "revenue": 1262000000,
      "gross_profit": null,
      "operating_income": 67000000,
      "net_income": 29000000,
      "opex": 1195000000,
      "cogs": null,
      "rd": null,
      "sga": 424000000,
      "fcf": -11000000,
      "ocf": 224000000,
      "capex": -235000000,
      "gross_margin": null,
      "op_margin": 0.05309033280507131,
      "fcf_margin": -0.008716323296354992,
      "incr_op_margin_yoy": -0.926829268292683,
      "rev_growth_yoy": -0.031465848042977744,
      "rev_growth_yoy_accel": 0.0016955373660126755,
      "fcf_margin_change": 0.05683245719144989
    },
    {
      "date": "2024-06-30T00:00:00",
      "quarter_label": "2024-06 (Q2)",
      "revenue": 1238000000,
      "gross_profit": null,
      "operating_income": 39000000,
      "net_income": 3000000,
      "opex": 1199000000,
      "cogs": null,
      "rd": null,
      "sga": 426000000,
      "fcf": 186000000,
      "ocf": 402000000,
      "capex": -216000000,
      "gross_margin": null,
      "op_margin": 0.03150242326332795,
      "fcf_margin": 0.15024232633279483,
      "incr_op_margin_yoy": -0.20689655172413793,
      "rev_growth_yoy": -0.022888713496448304,
      "rev_growth_yoy_accel": 0.00857713454652944,
      "fcf_margin_change": 0.15895864962914982
    },
    {
      "date": "2024-09-30T00:00:00",
      "quarter_label": "2024-09 (Q3)",
      "revenue": 1224000000,
      "gross_profit": null,
      "operating_income": -80000000,
      "net_income": -66000000,
      "opex": 1304000000,
      "cogs": null,
      "rd": null,
      "sga": 422000000,
      "fcf": 488912000,
      "ocf": 307110000,
      "capex": 181802000,
      "gross_margin": null,
      "op_margin": -0.06535947712418301,
      "fcf_margin": 0.39943790849673205,
      "incr_op_margin_yoy": 2.3703703703703702,
      "rev_growth_yoy": -0.04225352112676056,
      "rev_growth_yoy_accel": -0.01936480763031226,
      "fcf_margin_change": 0.24919558216393722
    },
    {
      "date": "2024-12-31T00:00:00",
      "quarter_label": "2024-12 (Q4)",
      "revenue": 1240000000,
      "gross_profit": null,
      "operating_income": 36000000,
      "net_income": 6000000,
      "opex": 1204000000,
      "cogs": null,
      "rd": null,
      "sga": 450000000,
      "fcf": -402912000,
      "ocf": 211890000,
      "capex": -614802000,
      "gross_margin": null,
      "op_margin": 0.02903225806451613,
      "fcf_margin": -0.3249290322580645,
      "incr_op_margin_yoy": -7.777777777777778,
      "rev_growth_yoy": -0.054878048780487805,
      "rev_growth_yoy_accel": -0.012624527653727242,
      "op_leverage_ratio": Infinity,
      "fcf_margin_change": -0.7243669407547966
    },
    {
      "date": "2025-03-31T00:00:00",
      "quarter_label": "2025-03 (Q1)",
      "revenue": 1154000000,
      "gross_profit": null,
      "operating_income": 35000000,
      "net_income": 7000000,
      "opex": 1119000000,
      "cogs": null,
      "rd": null,
      "sga": 425000000,
      "fcf": 57000000,
      "ocf": 186000000,
      "capex": -129000000,
      "gross_margin": null,
      "op_margin": 0.030329289428076257,
      "fcf_margin": 0.049393414211438474,
      "incr_op_margin_yoy": 0.2962962962962963,
      "rev_growth_yoy": -0.08557844690966719,
      "rev_growth_yoy_accel": -0.030700398129179386,
      "fcf_margin_change": 0.37432244646950297
    },
    {
      "date": "2025-06-30T00:00:00",
      "quarter_label": "2025-06 (Q2)",
      "revenue": 1186000000,
      "gross_profit": null,
      "operating_income": 40000000,
      "net_income": 12000000,
      "opex": 1146000000,
      "cogs": null,
      "rd": null,
      "sga": 421000000,
      "fcf": 264000000,
      "ocf": 421000000,
      "capex": -157000000,
      "gross_margin": null,
      "op_margin": 0.03372681281618887,
      "fcf_margin": 0.22259696458684655,
      "incr_op_margin_yoy": -0.019230769230769232,
      "rev_growth_yoy": -0.0420032310177706,
      "rev_growth_yoy_accel": 0.04357521589189659,
      "op_leverage_ratio": 1.1492393606778355,
      "fcf_margin_change": 0.17320355037540808
    },
    {
      "date": "2025-09-30T00:00:00",
      "quarter_label": "2025-09 (Q3)",
      "revenue": 308521000,
      "gross_profit": null,
      "operating_income": -67974000,
      "net_income": -81750000,
      "opex": 376495000,
      "cogs": null,
      "rd": null,
      "sga": 106188000,
      "fcf": -12746000,
      "ocf": -36687000,
      "capex": 23941000,
      "gross_margin": null,
      "op_margin": -0.22032211745715852,
      "fcf_margin": -0.04131323313485954,
      "incr_op_margin_yoy": -0.013136292585630037,
      "rev_growth_yoy": -0.7479403594771242,
      "rev_growth_yoy_accel": -0.7059371284593536,
      "fcf_margin_change": -0.2639101977217061
    }
  ],
  "signals": [
    {
      "quarter": "2025-09 (Q3)",
      "signal": "YoY REVENUE GROWTH DECELERATION",
      "detail": "YoY growth: -74.8% vs prior quarter YoY: -4.2% (decel: -70.6%)",
      "severity": "WARNING"
    },
    {
      "quarter": "2025-06 (Q2)",
      "signal": "FCF MARGIN EXPANSION",
      "detail": "FCF margin: +4.9% -> +22.3% (+17.3%)",
      "severity": "MEDIUM"
    },
    {
      "quarter": "2025-03 (Q1)",
      "signal": "FCF TURNED POSITIVE",
      "detail": "FCF margin: -32.5% -> +4.9%",
      "severity": "HIGH"
    },
    {
      "quarter": "2025-03 (Q1)",
      "signal": "INCREMENTAL MARGIN (YoY)",
      "detail": "YoY Incr OPM: +29.6% vs year-ago OPM: +5.3%",
      "severity": "HIGH"
    },
    {
      "quarter": "2024-12 (Q4)",
      "signal": "OP MARGIN TURNED POSITIVE (YoY)",
      "detail": "Op margin: -39.9% (year-ago) -> +2.9%",
      "severity": "HIGH"
    },
    {
      "quarter": "2024-12 (Q4)",
      "signal": "OP MARGIN TURNED POSITIVE (QoQ)",
      "detail": "Op margin: -6.5% -> +2.9%",
      "severity": "HIGH"
    },
    {
      "quarter": "2024-09 (Q3)",
      "signal": "FCF MARGIN EXPANSION",
      "detail": "FCF margin: +15.0% -> +39.9% (+24.9%)",
      "severity": "MEDIUM"
    },
    {
      "quarter": "2024-06 (Q2)",
      "signal": "FCF TURNED POSITIVE",
      "detail": "FCF margin: -0.9% -> +15.0%",
      "severity": "HIGH"
    },
    {
      "quarter": "2024-03 (Q1)",
      "signal": "FCF MARGIN EXPANSION",
      "detail": "FCF margin: -6.6% -> -0.9% (+5.7%)",
      "severity": "MEDIUM"
    },
    {
      "quarter": "2024-03 (Q1)",
      "signal": "OP MARGIN TURNED POSITIVE (QoQ)",
      "detail": "Op margin: -39.9% -> +5.3%",
      "severity": "HIGH"
    },
    {
      "quarter": "2023-09 (Q3)",
      "signal": "OP MARGIN TURNED POSITIVE (YoY)",
      "detail": "Op margin: -0.8% (year-ago) -> +3.8%",
      "severity": "HIGH"
    },
    {
      "quarter": "2023-06 (Q2)",
      "signal": "FCF TURNED POSITIVE",
      "detail": "FCF margin: -21.9% -> +13.4%",
      "severity": "HIGH"
    },
    {
      "quarter": "2023-06 (Q2)",
      "signal": "YoY REVENUE GROWTH DECELERATION",
      "detail": "YoY growth: -6.1% vs prior quarter YoY: -0.9% (decel: -5.2%)",
      "severity": "WARNING"
    },
    {
      "quarter": "2023-06 (Q2)",
      "signal": "INCREMENTAL MARGIN (YoY)",
      "detail": "YoY Incr OPM: +36.6% vs year-ago OPM: +4.7%",
      "severity": "HIGH"
    },
    {
      "quarter": "2023-03 (Q1)",
      "signal": "INCREMENTAL MARGIN (YoY)",
      "detail": "YoY Incr OPM: +550.0% vs year-ago OPM: +7.2%",
      "severity": "HIGH"
    },
    {
      "quarter": "2023-03 (Q1)",
      "signal": "OP MARGIN TURNED POSITIVE (QoQ)",
      "detail": "Op margin: -1.8% -> +2.2%",
      "severity": "HIGH"
    },
    {
      "quarter": "2022-12 (Q4)",
      "signal": "YoY REVENUE GROWTH DECELERATION",
      "detail": "YoY growth: -1.1% vs prior quarter YoY: +4.8% (decel: -5.9%)",
      "severity": "WARNING"
    },
    {
      "quarter": "2022-03 (Q1)",
      "signal": "FCF TURNED POSITIVE",
      "detail": "FCF margin: -12.0% -> +8.4%",
      "severity": "HIGH"
    },
    {
      "quarter": "2022-03 (Q1)",
      "signal": "INCREMENTAL MARGIN (YoY)",
      "detail": "YoY Incr OPM: +500.0% vs year-ago OPM: +8.3%",
      "severity": "HIGH"
    },
    {
      "quarter": "2021-09 (Q3)",
      "signal": "OPERATING LEVERAGE",
      "detail": "Rev growth +1.3% vs OpEx growth +0.5% (leverage: 2.7x)",
      "severity": "MEDIUM"
    },
    {
      "quarter": "2021-06 (Q2)",
      "signal": "FCF MARGIN EXPANSION",
      "detail": "FCF margin: +12.5% -> +24.1% (+11.6%)",
      "severity": "MEDIUM"
    }
  ],
  "data_quality": {
    "n_quarters": 20,
    "coverage": {
      "revenue": [
        20,
        20
      ],
      "gross_profit": [
        0,
        20
      ],
      "op_income": [
        20,
        20
      ],
      "fcf": [
        20,
        20
      ]
    },
    "gaps": [],
    "warnings": [
      "gross_profit: no data"
    ]
  },
  "market_cap": null,
  "source": "SEC EDGAR",
  "last_updated": "2026-02-03T01:07:56.471670"
}