{
  "ticker": "TEM",
  "name": "Tempus AI, Inc.",
  "quarters": [
    {
      "date": "2023-06-30T00:00:00",
      "quarter_label": "2023-06 (Q2)",
      "revenue": 132417000,
      "gross_profit": null,
      "operating_income": -45138000,
      "net_income": -55832000,
      "opex": 177555000,
      "cogs": null,
      "rd": 22171000,
      "sga": 71189000,
      "fcf": null,
      "ocf": null,
      "capex": null,
      "gross_margin": null,
      "op_margin": -0.34087768186864226,
      "fcf_margin": null
    },
    {
      "date": "2023-09-30T00:00:00",
      "quarter_label": "2023-09 (Q3)",
      "revenue": 136057000,
      "gross_profit": null,
      "operating_income": -44789000,
      "net_income": -53426000,
      "opex": 180846000,
      "cogs": null,
      "rd": 23234000,
      "sga": 71426000,
      "fcf": -68978000,
      "ocf": -52985000,
      "capex": -15993000,
      "gross_margin": null,
      "op_margin": -0.3291929117943215,
      "fcf_margin": -0.5069786927537723,
      "op_leverage_ratio": 1.4830734615623997
    },
    {
      "date": "2023-12-31T00:00:00",
      "quarter_label": "2023-12 (Q4)",
      "revenue": 147724000,
      "gross_profit": null,
      "operating_income": -52295000,
      "net_income": -50483000,
      "opex": 200019000,
      "cogs": null,
      "rd": 24075000,
      "sga": 85098000,
      "fcf": -42976000,
      "ocf": -40267000,
      "capex": -2709000,
      "gross_margin": null,
      "op_margin": -0.3540047656440389,
      "fcf_margin": -0.2909209065554683,
      "op_leverage_ratio": 0.8088297972098445,
      "fcf_margin_change": 0.21605778619830396
    },
    {
      "date": "2024-03-31T00:00:00",
      "quarter_label": "2024-03 (Q1)",
      "revenue": 145820000,
      "gross_profit": null,
      "operating_income": -53274000,
      "net_income": -64743000,
      "opex": 199094000,
      "cogs": null,
      "rd": 24340000,
      "sga": 79564000,
      "fcf": -107486000,
      "ocf": -101378000,
      "capex": -6108000,
      "gross_margin": null,
      "op_margin": -0.36534083116170624,
      "fcf_margin": -0.7371142504457551,
      "fcf_margin_change": -0.44619334389028675
    },
    {
      "date": "2024-06-30T00:00:00",
      "quarter_label": "2024-06 (Q2)",
      "revenue": 165969000,
      "gross_profit": null,
      "operating_income": -533492000,
      "net_income": -552212000,
      "opex": 699461000,
      "cogs": null,
      "rd": 68025000,
      "sga": 463072000,
      "fcf": -105088000,
      "ocf": -97080000,
      "capex": -8008000,
      "gross_margin": null,
      "op_margin": -3.214407509836174,
      "fcf_margin": -0.6331784851387909,
      "incr_op_margin_yoy": -14.555138292799237,
      "rev_growth_yoy": 0.25338136342010464,
      "op_leverage_ratio": 0.05498014938450621,
      "fcf_margin_change": 0.10393576530696413
    },
    {
      "date": "2024-09-30T00:00:00",
      "quarter_label": "2024-09 (Q3)",
      "revenue": 180929000,
      "gross_profit": null,
      "operating_income": -53616000,
      "net_income": -75840000,
      "opex": 234545000,
      "cogs": null,
      "rd": 27348000,
      "sga": 101427000,
      "fcf": 48621000,
      "ocf": 48664000,
      "capex": -43000,
      "gross_margin": null,
      "op_margin": -0.2963372372588142,
      "fcf_margin": 0.26872972270890794,
      "incr_op_margin_yoy": -0.1967151007309681,
      "rev_growth_yoy": 0.32980295023409306,
      "rev_growth_yoy_accel": 0.07642158681398842,
      "op_leverage_ratio": Infinity,
      "fcf_margin_change": 0.9019082078476989
    },
    {
      "date": "2024-12-31T00:00:00",
      "quarter_label": "2024-12 (Q4)",
      "revenue": 200680000,
      "gross_profit": null,
      "operating_income": -50700000,
      "net_income": -13014000,
      "opex": 251380000,
      "cogs": null,
      "rd": 29612000,
      "sga": 111288000,
      "fcf": -47213000,
      "ocf": -39251000,
      "capex": -7962000,
      "gross_margin": null,
      "op_margin": -0.2526410205301973,
      "fcf_margin": -0.23526509866454057,
      "incr_op_margin_yoy": 0.030119344361356597,
      "rev_growth_yoy": 0.35847932631122903,
      "rev_growth_yoy_accel": 0.028676376077135968,
      "op_leverage_ratio": 1.5208765531986241,
      "fcf_margin_change": -0.5039948213734485
    },
    {
      "date": "2025-03-31T00:00:00",
      "quarter_label": "2025-03 (Q1)",
      "revenue": 255737000,
      "gross_profit": null,
      "operating_income": -68689000,
      "net_income": -68037000,
      "opex": 324426000,
      "cogs": null,
      "rd": 35874000,
      "sga": 154627000,
      "fcf": -107698000,
      "ocf": -105624000,
      "capex": -2074000,
      "gross_margin": null,
      "op_margin": -0.2685923429147914,
      "fcf_margin": -0.42112795567321115,
      "incr_op_margin_yoy": -0.14024218273788405,
      "rev_growth_yoy": 0.7537854889589906,
      "rev_growth_yoy_accel": 0.3953061626477615,
      "op_leverage_ratio": 0.944153775255744,
      "fcf_margin_change": -0.18586285700867058
    },
    {
      "date": "2025-06-30T00:00:00",
      "quarter_label": "2025-06 (Q2)",
      "revenue": 314635000,
      "gross_profit": null,
      "operating_income": -61774000,
      "net_income": -42843000,
      "opex": 376409000,
      "cogs": null,
      "rd": 41619000,
      "sga": 180712000,
      "fcf": 36650000,
      "ocf": 44164000,
      "capex": -7514000,
      "gross_margin": null,
      "op_margin": -0.19633543629920383,
      "fcf_margin": 0.11648418008168195,
      "incr_op_margin_yoy": 3.173005260113274,
      "rev_growth_yoy": 0.8957455910441107,
      "rev_growth_yoy_accel": 0.1419601020851201,
      "op_leverage_ratio": 1.437345897947317,
      "fcf_margin_change": 0.5376121357548931
    },
    {
      "date": "2025-09-30T00:00:00",
      "quarter_label": "2025-09 (Q3)",
      "revenue": 334206000,
      "gross_profit": null,
      "operating_income": -60996000,
      "net_income": -79982000,
      "opex": 395202000,
      "cogs": null,
      "rd": 44960000,
      "sga": 187891000,
      "fcf": -126548000,
      "ocf": -119842000,
      "capex": -6706000,
      "gross_margin": null,
      "op_margin": -0.18251018832696003,
      "fcf_margin": -0.3786526872647409,
      "incr_op_margin_yoy": -0.04814812398468133,
      "rev_growth_yoy": 0.8471665681012994,
      "rev_growth_yoy_accel": -0.048579022942811245,
      "op_leverage_ratio": 1.245861800873289,
      "fcf_margin_change": -0.4951368673464228
    }
  ],
  "signals": [
    {
      "quarter": "2025-06 (Q2)",
      "signal": "FCF TURNED POSITIVE",
      "detail": "FCF margin: -42.1% -> +11.6%",
      "severity": "HIGH"
    },
    {
      "quarter": "2025-06 (Q2)",
      "signal": "YoY REVENUE GROWTH ACCELERATION",
      "detail": "YoY growth: +89.6% vs prior quarter YoY: +75.4% (accel: +14.2%)",
      "severity": "MEDIUM"
    },
    {
      "quarter": "2025-03 (Q1)",
      "signal": "YoY REVENUE GROWTH ACCELERATION",
      "detail": "YoY growth: +75.4% vs prior quarter YoY: +35.8% (accel: +39.5%)",
      "severity": "HIGH"
    },
    {
      "quarter": "2024-12 (Q4)",
      "signal": "OPERATING LEVERAGE",
      "detail": "Rev growth +10.9% vs OpEx growth +7.2% (leverage: 1.5x)",
      "severity": "MEDIUM"
    },
    {
      "quarter": "2024-09 (Q3)",
      "signal": "FCF TURNED POSITIVE",
      "detail": "FCF margin: -63.3% -> +26.9%",
      "severity": "HIGH"
    },
    {
      "quarter": "2024-09 (Q3)",
      "signal": "YoY REVENUE GROWTH ACCELERATION",
      "detail": "YoY growth: +33.0% vs prior quarter YoY: +25.3% (accel: +7.6%)",
      "severity": "MEDIUM"
    },
    {
      "quarter": "2024-06 (Q2)",
      "signal": "FCF MARGIN EXPANSION",
      "detail": "FCF margin: -73.7% -> -63.3% (+10.4%)",
      "severity": "MEDIUM"
    },
    {
      "quarter": "2023-12 (Q4)",
      "signal": "FCF MARGIN EXPANSION",
      "detail": "FCF margin: -50.7% -> -29.1% (+21.6%)",
      "severity": "MEDIUM"
    }
  ],
  "data_quality": {
    "n_quarters": 10,
    "coverage": {
      "revenue": [
        10,
        10
      ],
      "gross_profit": [
        0,
        10
      ],
      "op_income": [
        10,
        10
      ],
      "fcf": [
        9,
        10
      ]
    },
    "gaps": [],
    "warnings": [
      "gross_profit: no data"
    ]
  },
  "market_cap": null,
  "source": "SEC EDGAR",
  "last_updated": "2026-02-02T20:33:22.386441"
}