{
  "ticker": "TEN-PE",
  "name": "TSAKOS ENERGY NAVIGATION LIMITED",
  "quarters": [
    {
      "date": "2011-06-30T00:00:00",
      "quarter_label": "2011-06 (Q2)",
      "revenue": 101309000,
      "gross_profit": null,
      "operating_income": -1657000,
      "net_income": -18127000,
      "opex": 102966000,
      "cogs": null,
      "rd": null,
      "sga": null,
      "fcf": null,
      "ocf": null,
      "capex": null,
      "gross_margin": null,
      "op_margin": -0.01635590125260342,
      "fcf_margin": null
    },
    {
      "date": "2012-06-30T00:00:00",
      "quarter_label": "2012-06 (Q2)",
      "revenue": 99046000,
      "gross_profit": null,
      "operating_income": 10097000,
      "net_income": -5699000,
      "opex": 88949000,
      "cogs": null,
      "rd": null,
      "sga": null,
      "fcf": null,
      "ocf": null,
      "capex": null,
      "gross_margin": null,
      "op_margin": 0.10194253175292288,
      "fcf_margin": null,
      "incr_op_margin_yoy": -5.1939902783915155,
      "rev_growth_yoy": -0.022337600805456572
    },
    {
      "date": "2013-06-30T00:00:00",
      "quarter_label": "2013-06 (Q2)",
      "revenue": 108091000,
      "gross_profit": null,
      "operating_income": 8649000,
      "net_income": -1525000,
      "opex": 99442000,
      "cogs": null,
      "rd": null,
      "sga": null,
      "fcf": null,
      "ocf": null,
      "capex": null,
      "gross_margin": null,
      "op_margin": 0.080015912518156,
      "fcf_margin": null,
      "incr_op_margin_yoy": -0.16008844665561084,
      "rev_growth_yoy": 0.09132120428891626,
      "rev_growth_yoy_accel": 0.11365880509437283,
      "op_leverage_ratio": 0.7741284475645489
    },
    {
      "date": "2014-06-30T00:00:00",
      "quarter_label": "2014-06 (Q2)",
      "revenue": 112396000,
      "gross_profit": null,
      "operating_income": 8480000,
      "net_income": 199000,
      "opex": 103916000,
      "cogs": null,
      "rd": null,
      "sga": null,
      "fcf": null,
      "ocf": null,
      "capex": null,
      "gross_margin": null,
      "op_margin": 0.07544752482294743,
      "fcf_margin": null,
      "incr_op_margin_yoy": -0.039256678281068526,
      "rev_growth_yoy": 0.039827552710216395,
      "rev_growth_yoy_accel": -0.05149365157869986,
      "op_leverage_ratio": 0.8852327886922975
    },
    {
      "date": "2015-06-30T00:00:00",
      "quarter_label": "2015-06 (Q2)",
      "revenue": 154020000,
      "gross_profit": null,
      "operating_income": 49171000,
      "net_income": 41286000,
      "opex": 104849000,
      "cogs": null,
      "rd": null,
      "sga": null,
      "fcf": null,
      "ocf": null,
      "capex": null,
      "gross_margin": null,
      "op_margin": 0.3192507466562784,
      "fcf_margin": null,
      "incr_op_margin_yoy": 0.9775850470882184,
      "rev_growth_yoy": 0.3703334638243354,
      "rev_growth_yoy_accel": 0.33050591111411903,
      "op_leverage_ratio": 41.24712993222898
    },
    {
      "date": "2016-06-30T00:00:00",
      "quarter_label": "2016-06 (Q2)",
      "revenue": 119851000,
      "gross_profit": null,
      "operating_income": 24302000,
      "net_income": 16414000,
      "opex": 95549000,
      "cogs": null,
      "rd": null,
      "sga": null,
      "fcf": null,
      "ocf": null,
      "capex": null,
      "gross_margin": null,
      "op_margin": 0.20276843747653336,
      "fcf_margin": null,
      "incr_op_margin_yoy": 0.7278234657145366,
      "rev_growth_yoy": -0.2218478119724711,
      "rev_growth_yoy_accel": -0.5921812757968066
    },
    {
      "date": "2017-06-30T00:00:00",
      "quarter_label": "2017-06 (Q2)",
      "revenue": 132180000,
      "gross_profit": null,
      "operating_income": 19310000,
      "net_income": 3575000,
      "opex": 112870000,
      "cogs": null,
      "rd": null,
      "sga": null,
      "fcf": null,
      "ocf": null,
      "capex": null,
      "gross_margin": null,
      "op_margin": 0.1460886669692843,
      "fcf_margin": null,
      "incr_op_margin_yoy": -0.4048990185740936,
      "rev_growth_yoy": 0.10286939616690724,
      "rev_growth_yoy_accel": 0.3247172081393783,
      "op_leverage_ratio": 0.5674653850442711
    },
    {
      "date": "2018-06-30T00:00:00",
      "quarter_label": "2018-06 (Q2)",
      "revenue": 123927000,
      "gross_profit": null,
      "operating_income": 3856000,
      "net_income": -9553000,
      "opex": 120071000,
      "cogs": null,
      "rd": null,
      "sga": null,
      "fcf": null,
      "ocf": null,
      "capex": null,
      "gross_margin": null,
      "op_margin": 0.03111509194929273,
      "fcf_margin": null,
      "incr_op_margin_yoy": 1.8725312007754755,
      "rev_growth_yoy": -0.06243758511121198,
      "rev_growth_yoy_accel": -0.1653069812781192
    },
    {
      "date": "2019-06-30T00:00:00",
      "quarter_label": "2019-06 (Q2)",
      "revenue": 144020000,
      "gross_profit": null,
      "operating_income": 19002000,
      "net_income": 305000,
      "opex": 125018000,
      "cogs": null,
      "rd": null,
      "sga": null,
      "fcf": null,
      "ocf": null,
      "capex": null,
      "gross_margin": null,
      "op_margin": 0.1319400083321761,
      "fcf_margin": null,
      "incr_op_margin_yoy": 0.7537948539292291,
      "rev_growth_yoy": 0.16213577347954844,
      "rev_growth_yoy_accel": 0.2245733585907604,
      "op_leverage_ratio": 3.935274804419418
    },
    {
      "date": "2020-06-30T00:00:00",
      "quarter_label": "2020-06 (Q2)",
      "revenue": 190770000,
      "gross_profit": null,
      "operating_income": 46926000,
      "net_income": 31479000,
      "opex": 143844000,
      "cogs": null,
      "rd": null,
      "sga": null,
      "fcf": null,
      "ocf": null,
      "capex": null,
      "gross_margin": null,
      "op_margin": 0.24598207265293284,
      "fcf_margin": null,
      "incr_op_margin_yoy": 0.5973048128342247,
      "rev_growth_yoy": 0.32460769337592,
      "rev_growth_yoy_accel": 0.16247191989637155,
      "op_leverage_ratio": 2.155625444091722
    },
    {
      "date": "2021-06-30T00:00:00",
      "quarter_label": "2021-06 (Q2)",
      "revenue": 136415000,
      "gross_profit": null,
      "operating_income": -12888000,
      "net_income": -19664000,
      "opex": 149303000,
      "cogs": null,
      "rd": null,
      "sga": null,
      "fcf": null,
      "ocf": null,
      "capex": null,
      "gross_margin": null,
      "op_margin": -0.09447641388410366,
      "fcf_margin": null,
      "incr_op_margin_yoy": 1.1004323429307332,
      "rev_growth_yoy": -0.28492425433768415,
      "rev_growth_yoy_accel": -0.6095319477136041
    },
    {
      "date": "2022-06-30T00:00:00",
      "quarter_label": "2022-06 (Q2)",
      "revenue": 216699000,
      "gross_profit": null,
      "operating_income": 57368000,
      "net_income": 46225000,
      "opex": 159331000,
      "cogs": null,
      "rd": null,
      "sga": null,
      "fcf": null,
      "ocf": null,
      "capex": null,
      "gross_margin": null,
      "op_margin": 0.2647358778766861,
      "fcf_margin": null,
      "incr_op_margin_yoy": 0.8750934183648049,
      "rev_growth_yoy": 0.5885276545834403,
      "rev_growth_yoy_accel": 0.8734519089211243,
      "op_leverage_ratio": 8.762359833692798
    },
    {
      "date": "2023-06-30T00:00:00",
      "quarter_label": "2023-06 (Q2)",
      "revenue": 221454000,
      "gross_profit": null,
      "operating_income": 82562000,
      "net_income": 60641000,
      "opex": 138892000,
      "cogs": null,
      "rd": null,
      "sga": null,
      "fcf": null,
      "ocf": null,
      "capex": null,
      "gross_margin": null,
      "op_margin": 0.3728178312426057,
      "fcf_margin": null,
      "incr_op_margin_yoy": 5.298422712933754,
      "rev_growth_yoy": 0.021942879293397756,
      "rev_growth_yoy_accel": -0.5665847752900425,
      "op_leverage_ratio": Infinity
    },
    {
      "date": "2024-06-30T00:00:00",
      "quarter_label": "2024-06 (Q2)",
      "revenue": 214055000,
      "gross_profit": null,
      "operating_income": 102950000,
      "net_income": 76386000,
      "opex": 111105000,
      "cogs": null,
      "rd": null,
      "sga": null,
      "fcf": null,
      "ocf": null,
      "capex": null,
      "gross_margin": null,
      "op_margin": 0.48095115741281447,
      "fcf_margin": null,
      "incr_op_margin_yoy": -2.7555075010136503,
      "rev_growth_yoy": -0.033411001833337846,
      "rev_growth_yoy_accel": -0.0553538811267356
    },
    {
      "date": "2025-06-30T00:00:00",
      "quarter_label": "2025-06 (Q2)",
      "revenue": 193309000,
      "gross_profit": null,
      "operating_income": 50041000,
      "net_income": 26833000,
      "opex": 143268000,
      "cogs": null,
      "rd": null,
      "sga": null,
      "fcf": null,
      "ocf": null,
      "capex": null,
      "gross_margin": null,
      "op_margin": 0.25886533994795896,
      "fcf_margin": null,
      "incr_op_margin_yoy": 2.5503229538224237,
      "rev_growth_yoy": -0.0969190161407115,
      "rev_growth_yoy_accel": -0.06350801430737366
    }
  ],
  "signals": [
    {
      "quarter": "2025-06 (Q2)",
      "signal": "YoY REVENUE GROWTH DECELERATION",
      "detail": "YoY growth: -9.7% vs prior quarter YoY: -3.3% (decel: -6.4%)",
      "severity": "WARNING"
    },
    {
      "quarter": "2025-06 (Q2)",
      "signal": "INCREMENTAL MARGIN (YoY)",
      "detail": "YoY Incr OPM: +255.0% vs year-ago OPM: +48.1%",
      "severity": "HIGH"
    },
    {
      "quarter": "2024-06 (Q2)",
      "signal": "YoY REVENUE GROWTH DECELERATION",
      "detail": "YoY growth: -3.3% vs prior quarter YoY: +2.2% (decel: -5.5%)",
      "severity": "WARNING"
    },
    {
      "quarter": "2023-06 (Q2)",
      "signal": "YoY REVENUE GROWTH DECELERATION",
      "detail": "YoY growth: +2.2% vs prior quarter YoY: +58.9% (decel: -56.7%)",
      "severity": "WARNING"
    },
    {
      "quarter": "2023-06 (Q2)",
      "signal": "INCREMENTAL MARGIN (YoY)",
      "detail": "YoY Incr OPM: +529.8% vs year-ago OPM: +26.5%",
      "severity": "HIGH"
    },
    {
      "quarter": "2022-06 (Q2)",
      "signal": "OPERATING LEVERAGE",
      "detail": "Rev growth +58.9% vs OpEx growth +6.7% (leverage: 8.8x)",
      "severity": "MEDIUM"
    },
    {
      "quarter": "2022-06 (Q2)",
      "signal": "YoY REVENUE GROWTH ACCELERATION",
      "detail": "YoY growth: +58.9% vs prior quarter YoY: -28.5% (accel: +87.3%)",
      "severity": "HIGH"
    },
    {
      "quarter": "2022-06 (Q2)",
      "signal": "OP MARGIN TURNED POSITIVE (YoY)",
      "detail": "Op margin: -9.4% (year-ago) -> +26.5%",
      "severity": "HIGH"
    },
    {
      "quarter": "2022-06 (Q2)",
      "signal": "OP MARGIN TURNED POSITIVE (QoQ)",
      "detail": "Op margin: -9.4% -> +26.5%",
      "severity": "HIGH"
    },
    {
      "quarter": "2021-06 (Q2)",
      "signal": "YoY REVENUE GROWTH DECELERATION",
      "detail": "YoY growth: -28.5% vs prior quarter YoY: +32.5% (decel: -61.0%)",
      "severity": "WARNING"
    },
    {
      "quarter": "2020-06 (Q2)",
      "signal": "OPERATING LEVERAGE",
      "detail": "Rev growth +32.5% vs OpEx growth +15.1% (leverage: 2.2x)",
      "severity": "MEDIUM"
    },
    {
      "quarter": "2020-06 (Q2)",
      "signal": "YoY REVENUE GROWTH ACCELERATION",
      "detail": "YoY growth: +32.5% vs prior quarter YoY: +16.2% (accel: +16.2%)",
      "severity": "HIGH"
    },
    {
      "quarter": "2020-06 (Q2)",
      "signal": "INCREMENTAL MARGIN (YoY)",
      "detail": "YoY Incr OPM: +59.7% vs year-ago OPM: +13.2%",
      "severity": "HIGH"
    },
    {
      "quarter": "2019-06 (Q2)",
      "signal": "OPERATING LEVERAGE",
      "detail": "Rev growth +16.2% vs OpEx growth +4.1% (leverage: 3.9x)",
      "severity": "MEDIUM"
    },
    {
      "quarter": "2019-06 (Q2)",
      "signal": "YoY REVENUE GROWTH ACCELERATION",
      "detail": "YoY growth: +16.2% vs prior quarter YoY: -6.2% (accel: +22.5%)",
      "severity": "HIGH"
    },
    {
      "quarter": "2019-06 (Q2)",
      "signal": "INCREMENTAL MARGIN (YoY)",
      "detail": "YoY Incr OPM: +75.4% vs year-ago OPM: +3.1%",
      "severity": "HIGH"
    },
    {
      "quarter": "2018-06 (Q2)",
      "signal": "YoY REVENUE GROWTH DECELERATION",
      "detail": "YoY growth: -6.2% vs prior quarter YoY: +10.3% (decel: -16.5%)",
      "severity": "WARNING"
    },
    {
      "quarter": "2018-06 (Q2)",
      "signal": "INCREMENTAL MARGIN (YoY)",
      "detail": "YoY Incr OPM: +187.3% vs year-ago OPM: +14.6%",
      "severity": "HIGH"
    },
    {
      "quarter": "2017-06 (Q2)",
      "signal": "YoY REVENUE GROWTH ACCELERATION",
      "detail": "YoY growth: +10.3% vs prior quarter YoY: -22.2% (accel: +32.5%)",
      "severity": "HIGH"
    },
    {
      "quarter": "2016-06 (Q2)",
      "signal": "YoY REVENUE GROWTH DECELERATION",
      "detail": "YoY growth: -22.2% vs prior quarter YoY: +37.0% (decel: -59.2%)",
      "severity": "WARNING"
    },
    {
      "quarter": "2016-06 (Q2)",
      "signal": "INCREMENTAL MARGIN (YoY)",
      "detail": "YoY Incr OPM: +72.8% vs year-ago OPM: +31.9%",
      "severity": "HIGH"
    },
    {
      "quarter": "2015-06 (Q2)",
      "signal": "OPERATING LEVERAGE",
      "detail": "Rev growth +37.0% vs OpEx growth +0.9% (leverage: 41.2x)",
      "severity": "MEDIUM"
    },
    {
      "quarter": "2015-06 (Q2)",
      "signal": "YoY REVENUE GROWTH ACCELERATION",
      "detail": "YoY growth: +37.0% vs prior quarter YoY: +4.0% (accel: +33.1%)",
      "severity": "HIGH"
    },
    {
      "quarter": "2015-06 (Q2)",
      "signal": "INCREMENTAL MARGIN (YoY)",
      "detail": "YoY Incr OPM: +97.8% vs year-ago OPM: +7.5%",
      "severity": "HIGH"
    },
    {
      "quarter": "2014-06 (Q2)",
      "signal": "YoY REVENUE GROWTH DECELERATION",
      "detail": "YoY growth: +4.0% vs prior quarter YoY: +9.1% (decel: -5.1%)",
      "severity": "WARNING"
    },
    {
      "quarter": "2013-06 (Q2)",
      "signal": "YoY REVENUE GROWTH ACCELERATION",
      "detail": "YoY growth: +9.1% vs prior quarter YoY: -2.2% (accel: +11.4%)",
      "severity": "MEDIUM"
    },
    {
      "quarter": "2012-06 (Q2)",
      "signal": "OP MARGIN TURNED POSITIVE (YoY)",
      "detail": "Op margin: -1.6% (year-ago) -> +10.2%",
      "severity": "HIGH"
    },
    {
      "quarter": "2012-06 (Q2)",
      "signal": "OP MARGIN TURNED POSITIVE (QoQ)",
      "detail": "Op margin: -1.6% -> +10.2%",
      "severity": "HIGH"
    }
  ],
  "data_quality": {
    "n_quarters": 15,
    "coverage": {
      "revenue": [
        15,
        15
      ],
      "gross_profit": [
        0,
        15
      ],
      "op_income": [
        15,
        15
      ],
      "fcf": [
        0,
        15
      ]
    },
    "gaps": [
      [
        "2011-06 (Q2)",
        "2012-06 (Q2)",
        366
      ],
      [
        "2012-06 (Q2)",
        "2013-06 (Q2)",
        365
      ],
      [
        "2013-06 (Q2)",
        "2014-06 (Q2)",
        365
      ],
      [
        "2014-06 (Q2)",
        "2015-06 (Q2)",
        365
      ],
      [
        "2015-06 (Q2)",
        "2016-06 (Q2)",
        366
      ],
      [
        "2016-06 (Q2)",
        "2017-06 (Q2)",
        365
      ],
      [
        "2017-06 (Q2)",
        "2018-06 (Q2)",
        365
      ],
      [
        "2018-06 (Q2)",
        "2019-06 (Q2)",
        365
      ],
      [
        "2019-06 (Q2)",
        "2020-06 (Q2)",
        366
      ],
      [
        "2020-06 (Q2)",
        "2021-06 (Q2)",
        365
      ],
      [
        "2021-06 (Q2)",
        "2022-06 (Q2)",
        365
      ],
      [
        "2022-06 (Q2)",
        "2023-06 (Q2)",
        365
      ],
      [
        "2023-06 (Q2)",
        "2024-06 (Q2)",
        366
      ],
      [
        "2024-06 (Q2)",
        "2025-06 (Q2)",
        365
      ]
    ],
    "warnings": [
      "gross_profit: no data",
      "fcf: no data",
      "gap: 3Q missing between 2011-06 (Q2) and 2012-06 (Q2)",
      "gap: 3Q missing between 2012-06 (Q2) and 2013-06 (Q2)",
      "gap: 3Q missing between 2013-06 (Q2) and 2014-06 (Q2)",
      "gap: 3Q missing between 2014-06 (Q2) and 2015-06 (Q2)",
      "gap: 3Q missing between 2015-06 (Q2) and 2016-06 (Q2)",
      "gap: 3Q missing between 2016-06 (Q2) and 2017-06 (Q2)",
      "gap: 3Q missing between 2017-06 (Q2) and 2018-06 (Q2)",
      "gap: 3Q missing between 2018-06 (Q2) and 2019-06 (Q2)",
      "gap: 3Q missing between 2019-06 (Q2) and 2020-06 (Q2)",
      "gap: 3Q missing between 2020-06 (Q2) and 2021-06 (Q2)",
      "gap: 3Q missing between 2021-06 (Q2) and 2022-06 (Q2)",
      "gap: 3Q missing between 2022-06 (Q2) and 2023-06 (Q2)",
      "gap: 3Q missing between 2023-06 (Q2) and 2024-06 (Q2)",
      "gap: 3Q missing between 2024-06 (Q2) and 2025-06 (Q2)"
    ]
  },
  "market_cap": null,
  "source": "SEC EDGAR",
  "last_updated": "2026-02-03T01:07:49.279984"
}