{
  "ticker": "TG",
  "name": "Tredegar Corporation",
  "quarters": [
    {
      "date": "2013-09-30T00:00:00",
      "quarter_label": "2013-09 (Q3)",
      "revenue": 243194000,
      "gross_profit": 44761000,
      "operating_income": null,
      "net_income": null,
      "opex": null,
      "cogs": 198433000,
      "rd": null,
      "sga": null,
      "fcf": null,
      "ocf": null,
      "capex": null,
      "gross_margin": 0.18405470529700568,
      "op_margin": null,
      "fcf_margin": null
    },
    {
      "date": "2013-12-31T00:00:00",
      "quarter_label": "2013-12 (Q4)",
      "revenue": 231096000,
      "gross_profit": 40923000,
      "operating_income": null,
      "net_income": null,
      "opex": null,
      "cogs": 190173000,
      "rd": null,
      "sga": null,
      "fcf": null,
      "ocf": null,
      "capex": null,
      "gross_margin": 0.17708225153183094,
      "op_margin": null,
      "fcf_margin": null
    },
    {
      "date": "2014-03-31T00:00:00",
      "quarter_label": "2014-03 (Q1)",
      "revenue": 235213000,
      "gross_profit": 44519000,
      "operating_income": null,
      "net_income": null,
      "opex": null,
      "cogs": 190694000,
      "rd": null,
      "sga": null,
      "fcf": null,
      "ocf": null,
      "capex": null,
      "gross_margin": 0.189271001177656,
      "op_margin": null,
      "fcf_margin": null
    },
    {
      "date": "2014-06-30T00:00:00",
      "quarter_label": "2014-06 (Q2)",
      "revenue": 236965000,
      "gross_profit": 44881000,
      "operating_income": null,
      "net_income": null,
      "opex": null,
      "cogs": 192084000,
      "rd": null,
      "sga": null,
      "fcf": null,
      "ocf": null,
      "capex": null,
      "gross_margin": 0.18939927837444348,
      "op_margin": null,
      "fcf_margin": null
    },
    {
      "date": "2014-09-30T00:00:00",
      "quarter_label": "2014-09 (Q3)",
      "revenue": 240429000,
      "gross_profit": 42308000,
      "operating_income": null,
      "net_income": null,
      "opex": null,
      "cogs": 198121000,
      "rd": null,
      "sga": null,
      "fcf": null,
      "ocf": null,
      "capex": null,
      "gross_margin": 0.17596878912277636,
      "op_margin": null,
      "fcf_margin": null,
      "rev_growth_yoy": -0.011369523919175638
    },
    {
      "date": "2014-12-31T00:00:00",
      "quarter_label": "2014-12 (Q4)",
      "revenue": 239219000,
      "gross_profit": 42005000,
      "operating_income": null,
      "net_income": null,
      "opex": null,
      "cogs": 197214000,
      "rd": null,
      "sga": null,
      "fcf": null,
      "ocf": null,
      "capex": null,
      "gross_margin": 0.17559223974684285,
      "op_margin": null,
      "fcf_margin": null,
      "rev_growth_yoy": 0.03514989441617337,
      "rev_growth_yoy_accel": 0.046519418335349005
    },
    {
      "date": "2015-03-31T00:00:00",
      "quarter_label": "2015-03 (Q1)",
      "revenue": 234171000,
      "gross_profit": 44740000,
      "operating_income": null,
      "net_income": null,
      "opex": null,
      "cogs": 189431000,
      "rd": null,
      "sga": null,
      "fcf": null,
      "ocf": null,
      "capex": null,
      "gross_margin": 0.19105696264695457,
      "op_margin": null,
      "fcf_margin": null,
      "rev_growth_yoy": -0.004430027251895091,
      "rev_growth_yoy_accel": -0.03957992166806846
    },
    {
      "date": "2015-06-30T00:00:00",
      "quarter_label": "2015-06 (Q2)",
      "revenue": 221245000,
      "gross_profit": 37491000,
      "operating_income": null,
      "net_income": null,
      "opex": null,
      "cogs": 183754000,
      "rd": null,
      "sga": null,
      "fcf": null,
      "ocf": null,
      "capex": null,
      "gross_margin": 0.1694546769418518,
      "op_margin": null,
      "fcf_margin": null,
      "rev_growth_yoy": -0.06633891080961324,
      "rev_growth_yoy_accel": -0.06190888355771815
    },
    {
      "date": "2015-09-30T00:00:00",
      "quarter_label": "2015-09 (Q3)",
      "revenue": 223772000,
      "gross_profit": 41330000,
      "operating_income": null,
      "net_income": null,
      "opex": null,
      "cogs": 182442000,
      "rd": null,
      "sga": null,
      "fcf": null,
      "ocf": null,
      "capex": null,
      "gross_margin": 0.18469692365443396,
      "op_margin": null,
      "fcf_margin": null,
      "rev_growth_yoy": -0.06928032808022326,
      "rev_growth_yoy_accel": -0.0029414172706100222
    },
    {
      "date": "2015-12-31T00:00:00",
      "quarter_label": "2015-12 (Q4)",
      "revenue": 216989000,
      "gross_profit": 47157000,
      "operating_income": null,
      "net_income": null,
      "opex": null,
      "cogs": 169832000,
      "rd": null,
      "sga": null,
      "fcf": null,
      "ocf": null,
      "capex": null,
      "gross_margin": 0.21732438049855063,
      "op_margin": null,
      "fcf_margin": null,
      "rev_growth_yoy": -0.09292740125157282,
      "rev_growth_yoy_accel": -0.023647073171349564
    },
    {
      "date": "2016-03-31T00:00:00",
      "quarter_label": "2016-03 (Q1)",
      "revenue": 207333000,
      "gross_profit": 44280000,
      "operating_income": null,
      "net_income": null,
      "opex": null,
      "cogs": 163053000,
      "rd": null,
      "sga": null,
      "fcf": null,
      "ocf": null,
      "capex": null,
      "gross_margin": 0.2135694751920823,
      "op_margin": null,
      "fcf_margin": null,
      "rev_growth_yoy": -0.11460855528652139,
      "rev_growth_yoy_accel": -0.021681154034948566
    },
    {
      "date": "2016-06-30T00:00:00",
      "quarter_label": "2016-06 (Q2)",
      "revenue": 208533000,
      "gross_profit": 38703000,
      "operating_income": null,
      "net_income": null,
      "opex": null,
      "cogs": 169830000,
      "rd": null,
      "sga": null,
      "fcf": null,
      "ocf": null,
      "capex": null,
      "gross_margin": 0.1855965242911194,
      "op_margin": null,
      "fcf_margin": null,
      "rev_growth_yoy": -0.057456665687360166,
      "rev_growth_yoy_accel": 0.057151889599161225
    },
    {
      "date": "2016-09-30T00:00:00",
      "quarter_label": "2016-09 (Q3)",
      "revenue": 207702000,
      "gross_profit": 41080000,
      "operating_income": null,
      "net_income": null,
      "opex": null,
      "cogs": 166622000,
      "rd": null,
      "sga": null,
      "fcf": null,
      "ocf": null,
      "capex": null,
      "gross_margin": 0.19778336270233315,
      "op_margin": null,
      "fcf_margin": null,
      "rev_growth_yoy": -0.07181416799242085,
      "rev_growth_yoy_accel": -0.014357502305060686
    },
    {
      "date": "2016-12-31T00:00:00",
      "quarter_label": "2016-12 (Q4)",
      "revenue": 204772000,
      "gross_profit": 44409000,
      "operating_income": null,
      "net_income": null,
      "opex": null,
      "cogs": 160363000,
      "rd": null,
      "sga": null,
      "fcf": null,
      "ocf": null,
      "capex": null,
      "gross_margin": 0.21687047057214853,
      "op_margin": null,
      "fcf_margin": null,
      "rev_growth_yoy": -0.05630239320887234,
      "rev_growth_yoy_accel": 0.01551177478354851
    },
    {
      "date": "2017-03-31T00:00:00",
      "quarter_label": "2017-03 (Q1)",
      "revenue": 221026000,
      "gross_profit": 30872000,
      "operating_income": null,
      "net_income": null,
      "opex": null,
      "cogs": 181848000,
      "rd": null,
      "sga": null,
      "fcf": null,
      "ocf": null,
      "capex": null,
      "gross_margin": 0.13967587523639752,
      "op_margin": null,
      "fcf_margin": null,
      "rev_growth_yoy": 0.06604351453941244,
      "rev_growth_yoy_accel": 0.12234590774828479
    },
    {
      "date": "2017-06-30T00:00:00",
      "quarter_label": "2017-06 (Q2)",
      "revenue": 247347000,
      "gross_profit": 42063000,
      "operating_income": null,
      "net_income": null,
      "opex": null,
      "cogs": 197372000,
      "rd": null,
      "sga": null,
      "fcf": null,
      "ocf": null,
      "capex": null,
      "gross_margin": 0.17005664107508883,
      "op_margin": null,
      "fcf_margin": null,
      "rev_growth_yoy": 0.1861288141445239,
      "rev_growth_yoy_accel": 0.12008529960511145
    },
    {
      "date": "2017-09-30T00:00:00",
      "quarter_label": "2017-09 (Q3)",
      "revenue": 247121000,
      "gross_profit": 42107000,
      "operating_income": null,
      "net_income": null,
      "opex": null,
      "cogs": 196393000,
      "rd": null,
      "sga": null,
      "fcf": null,
      "ocf": null,
      "capex": null,
      "gross_margin": 0.17039021370098048,
      "op_margin": null,
      "fcf_margin": null,
      "rev_growth_yoy": 0.18978632848985566,
      "rev_growth_yoy_accel": 0.003657514345331764
    },
    {
      "date": "2017-12-31T00:00:00",
      "quarter_label": "2017-12 (Q4)",
      "revenue": 245836000,
      "gross_profit": 36979000,
      "operating_income": null,
      "net_income": null,
      "opex": null,
      "cogs": 191936000,
      "rd": null,
      "sga": null,
      "fcf": null,
      "ocf": null,
      "capex": null,
      "gross_margin": 0.1504214191574871,
      "op_margin": null,
      "fcf_margin": null,
      "rev_growth_yoy": 0.20053522942589808,
      "rev_growth_yoy_accel": 0.010748900936042416
    },
    {
      "date": "2018-03-31T00:00:00",
      "quarter_label": "2018-03 (Q1)",
      "revenue": 258711000,
      "gross_profit": 46732000,
      "operating_income": null,
      "net_income": null,
      "opex": null,
      "cogs": 203189000,
      "rd": null,
      "sga": null,
      "fcf": null,
      "ocf": null,
      "capex": null,
      "gross_margin": 0.18063398927761093,
      "op_margin": null,
      "fcf_margin": null,
      "rev_growth_yoy": 0.17050030313175826,
      "rev_growth_yoy_accel": -0.030034926294139813
    },
    {
      "date": "2018-06-30T00:00:00",
      "quarter_label": "2018-06 (Q2)",
      "revenue": 263759000,
      "gross_profit": 44652000,
      "operating_income": null,
      "net_income": null,
      "opex": null,
      "cogs": 210667000,
      "rd": null,
      "sga": null,
      "fcf": null,
      "ocf": null,
      "capex": null,
      "gross_margin": 0.16929090571317,
      "op_margin": null,
      "fcf_margin": null,
      "rev_growth_yoy": 0.0663521287907272,
      "rev_growth_yoy_accel": -0.10414817434103106
    }
  ],
  "signals": [
    {
      "quarter": "2018-06 (Q2)",
      "signal": "YoY REVENUE GROWTH DECELERATION",
      "detail": "YoY growth: +6.6% vs prior quarter YoY: +17.1% (decel: -10.4%)",
      "severity": "WARNING"
    },
    {
      "quarter": "2018-03 (Q1)",
      "signal": "GROSS MARGIN INFLECTION",
      "detail": "GM: +17.0% -> +15.0% -> +18.1% (reversal +3.0%)",
      "severity": "MEDIUM"
    },
    {
      "quarter": "2017-06 (Q2)",
      "signal": "GROSS MARGIN INFLECTION",
      "detail": "GM: +21.7% -> +14.0% -> +17.0% (reversal +3.0%)",
      "severity": "MEDIUM"
    },
    {
      "quarter": "2017-06 (Q2)",
      "signal": "YoY REVENUE GROWTH ACCELERATION",
      "detail": "YoY growth: +18.6% vs prior quarter YoY: +6.6% (accel: +12.0%)",
      "severity": "MEDIUM"
    },
    {
      "quarter": "2017-03 (Q1)",
      "signal": "YoY REVENUE GROWTH ACCELERATION",
      "detail": "YoY growth: +6.6% vs prior quarter YoY: -5.6% (accel: +12.2%)",
      "severity": "MEDIUM"
    },
    {
      "quarter": "2016-06 (Q2)",
      "signal": "YoY REVENUE GROWTH ACCELERATION",
      "detail": "YoY growth: -5.7% vs prior quarter YoY: -11.5% (accel: +5.7%)",
      "severity": "MEDIUM"
    },
    {
      "quarter": "2015-06 (Q2)",
      "signal": "YoY REVENUE GROWTH DECELERATION",
      "detail": "YoY growth: -6.6% vs prior quarter YoY: -0.4% (decel: -6.2%)",
      "severity": "WARNING"
    }
  ],
  "data_quality": {
    "n_quarters": 20,
    "coverage": {
      "revenue": [
        20,
        20
      ],
      "gross_profit": [
        20,
        20
      ],
      "op_income": [
        0,
        20
      ],
      "fcf": [
        0,
        20
      ]
    },
    "gaps": [],
    "warnings": [
      "op_income: no data",
      "fcf: no data"
    ]
  },
  "market_cap": null,
  "source": "SEC EDGAR",
  "last_updated": "2026-02-02T22:46:04.260408"
}