{
  "ticker": "THC",
  "name": "TENET HEALTHCARE CORP",
  "sector": "Healthcare",
  "industry": "Medical Care Facilities",
  "quarters": [
    {
      "date": "2021-03-31T00:00:00",
      "quarter_label": "2021-03 (Q1)",
      "revenue": 4781000000,
      "gross_profit": null,
      "operating_income": 520000000,
      "net_income": null,
      "opex": null,
      "cogs": null,
      "rd": null,
      "sga": null,
      "fcf": 413000000,
      "ocf": 534000000,
      "capex": -121000000,
      "gross_margin": null,
      "op_margin": 0.10876385693369588,
      "fcf_margin": 0.08638360175695461
    },
    {
      "date": "2021-06-30T00:00:00",
      "quarter_label": "2021-06 (Q2)",
      "revenue": 4954000000,
      "gross_profit": null,
      "operating_income": 586000000,
      "net_income": null,
      "opex": null,
      "cogs": null,
      "rd": null,
      "sga": null,
      "fcf": 123000000,
      "ocf": 245000000,
      "capex": -122000000,
      "gross_margin": null,
      "op_margin": 0.1182882519176423,
      "fcf_margin": 0.024828421477593864,
      "fcf_margin_change": -0.06155518027936075
    },
    {
      "date": "2021-09-30T00:00:00",
      "quarter_label": "2021-09 (Q3)",
      "revenue": 4894000000,
      "gross_profit": null,
      "operating_income": 1014000000,
      "net_income": null,
      "opex": null,
      "cogs": null,
      "rd": null,
      "sga": null,
      "fcf": 321000000,
      "ocf": 432000000,
      "capex": -111000000,
      "gross_margin": null,
      "op_margin": 0.2071924805884757,
      "fcf_margin": 0.06559051900286064,
      "fcf_margin_change": 0.04076209752526678
    },
    {
      "date": "2021-12-31T00:00:00",
      "quarter_label": "2021-12 (Q4)",
      "revenue": 4856000000,
      "gross_profit": null,
      "operating_income": 751000000,
      "net_income": null,
      "opex": null,
      "cogs": null,
      "rd": null,
      "sga": null,
      "fcf": 53000000,
      "ocf": 357000000,
      "capex": -304000000,
      "gross_margin": null,
      "op_margin": 0.15465403624382207,
      "fcf_margin": 0.010914332784184515,
      "fcf_margin_change": -0.05467618621867613
    },
    {
      "date": "2022-03-31T00:00:00",
      "quarter_label": "2022-03 (Q1)",
      "revenue": 4745000000,
      "gross_profit": null,
      "operating_income": 648000000,
      "net_income": null,
      "opex": null,
      "cogs": null,
      "rd": null,
      "sga": null,
      "fcf": 73000000,
      "ocf": 228000000,
      "capex": -155000000,
      "gross_margin": null,
      "op_margin": 0.13656480505795573,
      "fcf_margin": 0.015384615384615385,
      "incr_op_margin_yoy": -3.5555555555555554,
      "rev_growth_yoy": -0.007529805480025099,
      "fcf_margin_change": 0.004470282600430871
    },
    {
      "date": "2022-06-30T00:00:00",
      "quarter_label": "2022-06 (Q2)",
      "revenue": 4638000000,
      "gross_profit": null,
      "operating_income": 553000000,
      "net_income": null,
      "opex": null,
      "cogs": null,
      "rd": null,
      "sga": null,
      "fcf": -33000000,
      "ocf": 119000000,
      "capex": -152000000,
      "gross_margin": null,
      "op_margin": 0.11923242777059077,
      "fcf_margin": -0.0071151358344113845,
      "incr_op_margin_yoy": 0.10443037974683544,
      "rev_growth_yoy": -0.06378683891804603,
      "rev_growth_yoy_accel": -0.05625703343802093,
      "fcf_margin_change": -0.02249975121902677
    },
    {
      "date": "2022-09-30T00:00:00",
      "quarter_label": "2022-09 (Q3)",
      "revenue": 4801000000,
      "gross_profit": null,
      "operating_income": 596000000,
      "net_income": null,
      "opex": null,
      "cogs": null,
      "rd": null,
      "sga": null,
      "fcf": 150000000,
      "ocf": 315000000,
      "capex": -165000000,
      "gross_margin": null,
      "op_margin": 0.12414080399916684,
      "fcf_margin": 0.03124349093938763,
      "incr_op_margin_yoy": 4.494623655913978,
      "rev_growth_yoy": -0.0190028606456886,
      "rev_growth_yoy_accel": 0.04478397827235743,
      "fcf_margin_change": 0.03835862677379901
    },
    {
      "date": "2022-12-31T00:00:00",
      "quarter_label": "2022-12 (Q4)",
      "revenue": 4990000000,
      "gross_profit": null,
      "operating_income": 536000000,
      "net_income": null,
      "opex": null,
      "cogs": null,
      "rd": null,
      "sga": null,
      "fcf": 131000000,
      "ocf": 421000000,
      "capex": -290000000,
      "gross_margin": null,
      "op_margin": 0.10741482965931863,
      "fcf_margin": 0.02625250501002004,
      "incr_op_margin_yoy": -1.6044776119402986,
      "rev_growth_yoy": 0.02759472817133443,
      "rev_growth_yoy_accel": 0.04659758881702303,
      "fcf_margin_change": -0.00499098592936759
    },
    {
      "date": "2023-03-31T00:00:00",
      "quarter_label": "2023-03 (Q1)",
      "revenue": 5021000000,
      "gross_profit": null,
      "operating_income": 603000000,
      "net_income": null,
      "opex": null,
      "cogs": null,
      "rd": null,
      "sga": null,
      "fcf": 214000000,
      "ocf": 449000000,
      "capex": -235000000,
      "gross_margin": null,
      "op_margin": 0.1200955984863573,
      "fcf_margin": 0.042620991834295956,
      "incr_op_margin_yoy": -0.16304347826086957,
      "rev_growth_yoy": 0.05816649104320337,
      "rev_growth_yoy_accel": 0.03057176287186894,
      "fcf_margin_change": 0.016368486824275916
    },
    {
      "date": "2023-06-30T00:00:00",
      "quarter_label": "2023-06 (Q2)",
      "revenue": 5082000000,
      "gross_profit": null,
      "operating_income": 604000000,
      "net_income": null,
      "opex": null,
      "cogs": null,
      "rd": null,
      "sga": null,
      "fcf": 466000000,
      "ocf": 598000000,
      "capex": -132000000,
      "gross_margin": null,
      "op_margin": 0.1188508461235734,
      "fcf_margin": 0.09169618260527351,
      "incr_op_margin_yoy": 0.11486486486486487,
      "rev_growth_yoy": 0.09573091849935317,
      "rev_growth_yoy_accel": 0.037564427456149796,
      "fcf_margin_change": 0.04907519077097756
    },
    {
      "date": "2023-09-30T00:00:00",
      "quarter_label": "2023-09 (Q3)",
      "revenue": 5066000000,
      "gross_profit": null,
      "operating_income": 568000000,
      "net_income": null,
      "opex": null,
      "cogs": null,
      "rd": null,
      "sga": null,
      "fcf": 327000000,
      "ocf": 503000000,
      "capex": -176000000,
      "gross_margin": null,
      "op_margin": 0.11212001579155152,
      "fcf_margin": 0.0645479668377418,
      "incr_op_margin_yoy": -0.10566037735849057,
      "rev_growth_yoy": 0.055196833992918144,
      "rev_growth_yoy_accel": -0.040534084506435024,
      "fcf_margin_change": -0.027148215767531708
    },
    {
      "date": "2023-12-31T00:00:00",
      "quarter_label": "2023-12 (Q4)",
      "revenue": 5379000000,
      "gross_profit": null,
      "operating_income": 735000000,
      "net_income": null,
      "opex": null,
      "cogs": null,
      "rd": null,
      "sga": null,
      "fcf": 616000000,
      "ocf": 824000000,
      "capex": -208000000,
      "gross_margin": null,
      "op_margin": 0.13664249860568878,
      "fcf_margin": 0.11451942740286299,
      "incr_op_margin_yoy": 0.5115681233933161,
      "rev_growth_yoy": 0.07795591182364729,
      "rev_growth_yoy_accel": 0.022759077830729148,
      "fcf_margin_change": 0.04997146056512118
    },
    {
      "date": "2024-03-31T00:00:00",
      "quarter_label": "2024-03 (Q1)",
      "revenue": 5368000000,
      "gross_profit": null,
      "operating_income": 3285000000,
      "net_income": null,
      "opex": null,
      "cogs": null,
      "rd": null,
      "sga": null,
      "fcf": 346000000,
      "ocf": 586000000,
      "capex": -240000000,
      "gross_margin": null,
      "op_margin": 0.6119597615499255,
      "fcf_margin": 0.06445603576751117,
      "incr_op_margin_yoy": 7.729106628242075,
      "rev_growth_yoy": 0.06910973909579765,
      "rev_growth_yoy_accel": -0.008846172727849641,
      "fcf_margin_change": -0.05006339163535181
    },
    {
      "date": "2024-06-30T00:00:00",
      "quarter_label": "2024-06 (Q2)",
      "revenue": 5103000000,
      "gross_profit": null,
      "operating_income": 761000000,
      "net_income": null,
      "opex": null,
      "cogs": null,
      "rd": null,
      "sga": null,
      "fcf": 602000000,
      "ocf": 747000000,
      "capex": -145000000,
      "gross_margin": null,
      "op_margin": 0.14912796394277875,
      "fcf_margin": 0.11796982167352538,
      "incr_op_margin_yoy": 7.476190476190476,
      "rev_growth_yoy": 0.004132231404958678,
      "rev_growth_yoy_accel": -0.06497750769083897,
      "fcf_margin_change": 0.0535137859060142
    },
    {
      "date": "2024-09-30T00:00:00",
      "quarter_label": "2024-09 (Q3)",
      "revenue": 5122000000,
      "gross_profit": null,
      "operating_income": 1089000000,
      "net_income": null,
      "opex": null,
      "cogs": null,
      "rd": null,
      "sga": null,
      "fcf": 829000000,
      "ocf": 1045000000,
      "capex": -216000000,
      "gross_margin": null,
      "op_margin": 0.21261226083561108,
      "fcf_margin": 0.16185083951581414,
      "incr_op_margin_yoy": 9.303571428571429,
      "rev_growth_yoy": 0.011054086063955783,
      "rev_growth_yoy_accel": 0.006921854658997105,
      "fcf_margin_change": 0.04388101784228876
    },
    {
      "date": "2024-12-31T00:00:00",
      "quarter_label": "2024-12 (Q4)",
      "revenue": 5072000000,
      "gross_profit": null,
      "operating_income": 821000000,
      "net_income": null,
      "opex": null,
      "cogs": null,
      "rd": null,
      "sga": null,
      "fcf": -661000000,
      "ocf": -331000000,
      "capex": -330000000,
      "gross_margin": null,
      "op_margin": 0.16186908517350157,
      "fcf_margin": -0.13032334384858044,
      "incr_op_margin_yoy": -0.28013029315960913,
      "rev_growth_yoy": -0.05707380554006321,
      "rev_growth_yoy_accel": -0.068127891604019,
      "fcf_margin_change": -0.2921741833643946
    },
    {
      "date": "2025-03-31T00:00:00",
      "quarter_label": "2025-03 (Q1)",
      "revenue": 5223000000,
      "gross_profit": null,
      "operating_income": 943000000,
      "net_income": null,
      "opex": null,
      "cogs": null,
      "rd": null,
      "sga": null,
      "fcf": 642000000,
      "ocf": 815000000,
      "capex": -173000000,
      "gross_margin": null,
      "op_margin": 0.18054757802029486,
      "fcf_margin": 0.12291786329695577,
      "incr_op_margin_yoy": 16.151724137931033,
      "rev_growth_yoy": -0.027011922503725784,
      "rev_growth_yoy_accel": 0.030061883036337424,
      "fcf_margin_change": 0.2532412071455362
    },
    {
      "date": "2025-06-30T00:00:00",
      "quarter_label": "2025-06 (Q2)",
      "revenue": 5271000000,
      "gross_profit": null,
      "operating_income": 823000000,
      "net_income": null,
      "opex": null,
      "cogs": null,
      "rd": null,
      "sga": null,
      "fcf": 743000000,
      "ocf": 936000000,
      "capex": -193000000,
      "gross_margin": null,
      "op_margin": 0.1561373553405426,
      "fcf_margin": 0.1409599696452286,
      "incr_op_margin_yoy": 0.36904761904761907,
      "rev_growth_yoy": 0.03292181069958848,
      "rev_growth_yoy_accel": 0.059933733203314264,
      "fcf_margin_change": 0.018042106348272843
    },
    {
      "date": "2025-09-30T00:00:00",
      "quarter_label": "2025-09 (Q3)",
      "revenue": 5289000000,
      "gross_profit": null,
      "operating_income": 889000000,
      "net_income": null,
      "opex": null,
      "cogs": null,
      "rd": null,
      "sga": null,
      "fcf": 778000000,
      "ocf": 1058000000,
      "capex": -280000000,
      "gross_margin": null,
      "op_margin": 0.16808470410285498,
      "fcf_margin": 0.1470977500472679,
      "incr_op_margin_yoy": -1.1976047904191616,
      "rev_growth_yoy": 0.03260445138617728,
      "rev_growth_yoy_accel": -0.00031735931341120294,
      "fcf_margin_change": 0.0061377804020393
    },
    {
      "date": "2025-12-31T00:00:00",
      "quarter_label": "2025-12 (Q4)",
      "revenue": 5527000000,
      "gross_profit": null,
      "operating_income": 853000000,
      "net_income": null,
      "opex": null,
      "cogs": null,
      "rd": null,
      "sga": null,
      "fcf": 367000000,
      "ocf": 731000000,
      "capex": -364000000,
      "gross_margin": null,
      "op_margin": 0.15433327302333996,
      "fcf_margin": 0.0664013026958567,
      "incr_op_margin_yoy": 0.07032967032967033,
      "rev_growth_yoy": 0.08970820189274448,
      "rev_growth_yoy_accel": 0.0571037505065672,
      "fcf_margin_change": -0.08069644735141121
    }
  ],
  "signals": [
    {
      "quarter": "2025-12 (Q4)",
      "signal": "YoY REVENUE GROWTH ACCELERATION",
      "detail": "YoY growth: +9.0% vs prior quarter YoY: +3.3% (accel: +5.7%)",
      "severity": "MEDIUM"
    },
    {
      "quarter": "2025-06 (Q2)",
      "signal": "YoY REVENUE GROWTH ACCELERATION",
      "detail": "YoY growth: +3.3% vs prior quarter YoY: -2.7% (accel: +6.0%)",
      "severity": "MEDIUM"
    },
    {
      "quarter": "2025-06 (Q2)",
      "signal": "INCREMENTAL MARGIN (YoY)",
      "detail": "YoY Incr OPM: +36.9% vs year-ago OPM: +14.9%",
      "severity": "HIGH"
    },
    {
      "quarter": "2025-03 (Q1)",
      "signal": "FCF TURNED POSITIVE",
      "detail": "FCF margin: -13.0% -> +12.3%",
      "severity": "HIGH"
    },
    {
      "quarter": "2025-03 (Q1)",
      "signal": "INCREMENTAL MARGIN (YoY)",
      "detail": "YoY Incr OPM: +1615.2% vs year-ago OPM: +61.2%",
      "severity": "HIGH"
    },
    {
      "quarter": "2024-12 (Q4)",
      "signal": "YoY REVENUE GROWTH DECELERATION",
      "detail": "YoY growth: -5.7% vs prior quarter YoY: +1.1% (decel: -6.8%)",
      "severity": "WARNING"
    },
    {
      "quarter": "2024-09 (Q3)",
      "signal": "INCREMENTAL MARGIN (YoY)",
      "detail": "YoY Incr OPM: +930.4% vs year-ago OPM: +11.2%",
      "severity": "HIGH"
    },
    {
      "quarter": "2024-06 (Q2)",
      "signal": "FCF MARGIN EXPANSION",
      "detail": "FCF margin: +6.4% -> +11.8% (+5.4%)",
      "severity": "MEDIUM"
    },
    {
      "quarter": "2024-06 (Q2)",
      "signal": "YoY REVENUE GROWTH DECELERATION",
      "detail": "YoY growth: +0.4% vs prior quarter YoY: +6.9% (decel: -6.5%)",
      "severity": "WARNING"
    },
    {
      "quarter": "2024-06 (Q2)",
      "signal": "INCREMENTAL MARGIN (YoY)",
      "detail": "YoY Incr OPM: +747.6% vs year-ago OPM: +11.9%",
      "severity": "HIGH"
    },
    {
      "quarter": "2024-03 (Q1)",
      "signal": "INCREMENTAL MARGIN (YoY)",
      "detail": "YoY Incr OPM: +772.9% vs year-ago OPM: +12.0%",
      "severity": "HIGH"
    },
    {
      "quarter": "2023-12 (Q4)",
      "signal": "INCREMENTAL MARGIN (YoY)",
      "detail": "YoY Incr OPM: +51.2% vs year-ago OPM: +10.7%",
      "severity": "HIGH"
    },
    {
      "quarter": "2022-09 (Q3)",
      "signal": "FCF TURNED POSITIVE",
      "detail": "FCF margin: -0.7% -> +3.1%",
      "severity": "HIGH"
    },
    {
      "quarter": "2022-09 (Q3)",
      "signal": "INCREMENTAL MARGIN (YoY)",
      "detail": "YoY Incr OPM: +449.5% vs year-ago OPM: +20.7%",
      "severity": "HIGH"
    },
    {
      "quarter": "2022-06 (Q2)",
      "signal": "YoY REVENUE GROWTH DECELERATION",
      "detail": "YoY growth: -6.4% vs prior quarter YoY: -0.8% (decel: -5.6%)",
      "severity": "WARNING"
    }
  ],
  "data_quality": {
    "n_quarters": 20,
    "coverage": {
      "revenue": [
        20,
        20
      ],
      "gross_profit": [
        0,
        20
      ],
      "op_income": [
        20,
        20
      ],
      "fcf": [
        20,
        20
      ]
    },
    "gaps": [],
    "warnings": [
      "gross_profit: no data"
    ]
  },
  "market_cap": null,
  "source": "SEC EDGAR",
  "last_updated": "2026-02-24T10:32:31.069628"
}