{
  "ticker": "THG",
  "name": "HANOVER INSURANCE GROUP, INC.",
  "quarters": [
    {
      "date": "2020-12-31T00:00:00",
      "quarter_label": "2020-12 (Q4)",
      "revenue": 1297000000,
      "gross_profit": null,
      "operating_income": 150300000,
      "net_income": 164600000,
      "opex": null,
      "cogs": null,
      "rd": null,
      "sga": null,
      "fcf": 158200000,
      "ocf": 161000000,
      "capex": -2800000,
      "gross_margin": null,
      "op_margin": 0.11588280647648419,
      "fcf_margin": 0.12197378565921357
    },
    {
      "date": "2021-03-31T00:00:00",
      "quarter_label": "2021-03 (Q1)",
      "revenue": 1283300000,
      "gross_profit": null,
      "operating_income": 85100000,
      "net_income": 92700000,
      "opex": null,
      "cogs": null,
      "rd": null,
      "sga": null,
      "fcf": 139500000,
      "ocf": 141800000,
      "capex": -2300000,
      "gross_margin": null,
      "op_margin": 0.06631341073794124,
      "fcf_margin": 0.10870412218499181,
      "fcf_margin_change": -0.01326966347422176
    },
    {
      "date": "2021-06-30T00:00:00",
      "quarter_label": "2021-06 (Q2)",
      "revenue": 1293400000,
      "gross_profit": null,
      "operating_income": 137300000,
      "net_income": 128500000,
      "opex": null,
      "cogs": null,
      "rd": null,
      "sga": null,
      "fcf": 165900000,
      "ocf": 167200000,
      "capex": -1300000,
      "gross_margin": null,
      "op_margin": 0.10615432194216792,
      "fcf_margin": 0.1282665841966909,
      "fcf_margin_change": 0.01956246201169909
    },
    {
      "date": "2021-09-30T00:00:00",
      "quarter_label": "2021-09 (Q3)",
      "revenue": 1276400000,
      "gross_profit": null,
      "operating_income": 47000000,
      "net_income": 34000000,
      "opex": null,
      "cogs": null,
      "rd": null,
      "sga": null,
      "fcf": 284300000,
      "ocf": 286400000,
      "capex": -2100000,
      "gross_margin": null,
      "op_margin": 0.036822312754622374,
      "fcf_margin": 0.22273581949232216,
      "fcf_margin_change": 0.09446923529563125
    },
    {
      "date": "2021-12-31T00:00:00",
      "quarter_label": "2021-12 (Q4)",
      "revenue": 1374700000,
      "gross_profit": null,
      "operating_income": 162900000,
      "net_income": 163500000,
      "opex": null,
      "cogs": null,
      "rd": null,
      "sga": null,
      "fcf": 226000000,
      "ocf": 228300000,
      "capex": -2300000,
      "gross_margin": null,
      "op_margin": 0.1184985815086928,
      "fcf_margin": 0.1643995053466211,
      "incr_op_margin_yoy": 0.16216216216216217,
      "rev_growth_yoy": 0.05990747879722436,
      "fcf_margin_change": -0.05833631414570106
    },
    {
      "date": "2022-03-31T00:00:00",
      "quarter_label": "2022-03 (Q1)",
      "revenue": 1330700000,
      "gross_profit": null,
      "operating_income": 154400000,
      "net_income": 104800000,
      "opex": null,
      "cogs": null,
      "rd": null,
      "sga": null,
      "fcf": 195200000,
      "ocf": 200100000,
      "capex": -4900000,
      "gross_margin": null,
      "op_margin": 0.1160291575862328,
      "fcf_margin": 0.14668971218155857,
      "incr_op_margin_yoy": 1.4620253164556962,
      "rev_growth_yoy": 0.0369360243123198,
      "rev_growth_yoy_accel": -0.022971454484904563,
      "fcf_margin_change": -0.01770979316506252
    },
    {
      "date": "2022-06-30T00:00:00",
      "quarter_label": "2022-06 (Q2)",
      "revenue": 1292900000,
      "gross_profit": null,
      "operating_income": 115000000,
      "net_income": 22600000,
      "opex": null,
      "cogs": null,
      "rd": null,
      "sga": null,
      "fcf": 3600000,
      "ocf": 8600000,
      "capex": -5000000,
      "gross_margin": null,
      "op_margin": 0.0889473277128935,
      "fcf_margin": 0.0027844380849253616,
      "rev_growth_yoy": -0.00038657801144270914,
      "rev_growth_yoy_accel": -0.037322602323762506,
      "fcf_margin_change": -0.1439052740966332
    },
    {
      "date": "2022-09-30T00:00:00",
      "quarter_label": "2022-09 (Q3)",
      "revenue": 1366300000,
      "gross_profit": null,
      "operating_income": 53900000,
      "net_income": 200000,
      "opex": null,
      "cogs": null,
      "rd": null,
      "sga": null,
      "fcf": 311100000,
      "ocf": 315100000,
      "capex": -4000000,
      "gross_margin": null,
      "op_margin": 0.03944960843153041,
      "fcf_margin": 0.2276952353070336,
      "incr_op_margin_yoy": 0.07675194660734148,
      "rev_growth_yoy": 0.0704324663115011,
      "rev_growth_yoy_accel": 0.07081904432294381,
      "fcf_margin_change": 0.22491079722210822
    },
    {
      "date": "2022-12-31T00:00:00",
      "quarter_label": "2022-12 (Q4)",
      "revenue": 1478700000,
      "gross_profit": null,
      "operating_income": -38200000,
      "net_income": -11600000,
      "opex": null,
      "cogs": null,
      "rd": null,
      "sga": null,
      "fcf": 194600000,
      "ocf": 198500000,
      "capex": -3900000,
      "gross_margin": null,
      "op_margin": -0.02583350240075742,
      "fcf_margin": 0.13160208291066477,
      "incr_op_margin_yoy": -1.9336538461538462,
      "rev_growth_yoy": 0.07565286971702917,
      "rev_growth_yoy_accel": 0.005220403405528068,
      "fcf_margin_change": -0.09609315239636881
    },
    {
      "date": "2023-03-31T00:00:00",
      "quarter_label": "2023-03 (Q1)",
      "revenue": 1443700000,
      "gross_profit": null,
      "operating_income": 13200000,
      "net_income": -12000000,
      "opex": null,
      "cogs": null,
      "rd": null,
      "sga": null,
      "fcf": 14600000,
      "ocf": 18100000,
      "capex": -3500000,
      "gross_margin": null,
      "op_margin": 0.00914317378956847,
      "fcf_margin": 0.01011290434300755,
      "incr_op_margin_yoy": -1.2495575221238937,
      "rev_growth_yoy": 0.08491771248215225,
      "rev_growth_yoy_accel": 0.009264842765123085,
      "fcf_margin_change": -0.12148917856765723
    },
    {
      "date": "2023-06-30T00:00:00",
      "quarter_label": "2023-06 (Q2)",
      "revenue": 1504400000,
      "gross_profit": null,
      "operating_income": -79400000,
      "net_income": -69200000,
      "opex": null,
      "cogs": null,
      "rd": null,
      "sga": null,
      "fcf": 22900000,
      "ocf": 26200000,
      "capex": -3300000,
      "gross_margin": null,
      "op_margin": -0.05277851635203403,
      "fcf_margin": 0.01522201542143047,
      "incr_op_margin_yoy": -0.9191489361702128,
      "rev_growth_yoy": 0.163585737489365,
      "rev_growth_yoy_accel": 0.07866802500721275,
      "fcf_margin_change": 0.0051091110784229204
    },
    {
      "date": "2023-09-30T00:00:00",
      "quarter_label": "2023-09 (Q3)",
      "revenue": 1516600000,
      "gross_profit": null,
      "operating_income": 13700000,
      "net_income": 8600000,
      "opex": null,
      "cogs": null,
      "rd": null,
      "sga": null,
      "fcf": 221800000,
      "ocf": 224700000,
      "capex": -2900000,
      "gross_margin": null,
      "op_margin": 0.009033364103916655,
      "fcf_margin": 0.14624818673348278,
      "incr_op_margin_yoy": -0.26746506986027946,
      "rev_growth_yoy": 0.11000512332577032,
      "rev_growth_yoy_accel": -0.05358061416359468,
      "fcf_margin_change": 0.1310261713120523
    },
    {
      "date": "2023-12-31T00:00:00",
      "quarter_label": "2023-12 (Q4)",
      "revenue": 1528800000,
      "gross_profit": null,
      "operating_income": 158100000,
      "net_income": 107900000,
      "opex": null,
      "cogs": null,
      "rd": null,
      "sga": null,
      "fcf": 90500000,
      "ocf": 92700000,
      "capex": -2200000,
      "gross_margin": null,
      "op_margin": 0.10341444270015698,
      "fcf_margin": 0.05919675562532705,
      "incr_op_margin_yoy": 3.9181636726546905,
      "rev_growth_yoy": 0.033881111787380805,
      "rev_growth_yoy_accel": -0.07612401153838952,
      "fcf_margin_change": -0.08705143110815572
    },
    {
      "date": "2024-03-31T00:00:00",
      "quarter_label": "2024-03 (Q1)",
      "revenue": 1551100000,
      "gross_profit": null,
      "operating_income": 149700000,
      "net_income": 115500000,
      "opex": null,
      "cogs": null,
      "rd": null,
      "sga": null,
      "fcf": 56100000,
      "ocf": 58700000,
      "capex": -2600000,
      "gross_margin": null,
      "op_margin": 0.09651215266585005,
      "fcf_margin": 0.03616788085874541,
      "incr_op_margin_yoy": 1.270949720670391,
      "rev_growth_yoy": 0.074392186742398,
      "rev_growth_yoy_accel": 0.0405110749550172,
      "fcf_margin_change": -0.023028874766581643
    },
    {
      "date": "2024-06-30T00:00:00",
      "quarter_label": "2024-06 (Q2)",
      "revenue": 1536700000,
      "gross_profit": null,
      "operating_income": 95400000,
      "net_income": 40500000,
      "opex": null,
      "cogs": null,
      "rd": null,
      "sga": null,
      "fcf": 137300000,
      "ocf": 139500000,
      "capex": -2200000,
      "gross_margin": null,
      "op_margin": 0.06208108283985163,
      "fcf_margin": 0.08934730266154747,
      "incr_op_margin_yoy": 5.411764705882353,
      "rev_growth_yoy": 0.021470353629353896,
      "rev_growth_yoy_accel": -0.0529218331130441,
      "fcf_margin_change": 0.053179421802802065
    },
    {
      "date": "2024-09-30T00:00:00",
      "quarter_label": "2024-09 (Q3)",
      "revenue": 1565300000,
      "gross_profit": null,
      "operating_income": 150600000,
      "net_income": 102100000,
      "opex": null,
      "cogs": null,
      "rd": null,
      "sga": null,
      "fcf": 392300000,
      "ocf": 394700000,
      "capex": -2400000,
      "gross_margin": null,
      "op_margin": 0.0962115888328116,
      "fcf_margin": 0.2506228837922443,
      "incr_op_margin_yoy": 2.811088295687885,
      "rev_growth_yoy": 0.03211130159567453,
      "rev_growth_yoy_accel": 0.010640947966320636,
      "fcf_margin_change": 0.16127558113069682
    },
    {
      "date": "2024-12-31T00:00:00",
      "quarter_label": "2024-12 (Q4)",
      "revenue": 1584300000,
      "gross_profit": null,
      "operating_income": 254400000,
      "net_income": 167900000,
      "opex": null,
      "cogs": null,
      "rd": null,
      "sga": null,
      "fcf": 210500000,
      "ocf": 213500000,
      "capex": -3000000,
      "gross_margin": null,
      "op_margin": 0.1605756485514107,
      "fcf_margin": 0.1328662500788992,
      "incr_op_margin_yoy": 1.7351351351351352,
      "rev_growth_yoy": 0.03630298273155416,
      "rev_growth_yoy_accel": 0.00419168113587963,
      "fcf_margin_change": -0.11775663371334508
    },
    {
      "date": "2025-03-31T00:00:00",
      "quarter_label": "2025-03 (Q1)",
      "revenue": 1603200000,
      "gross_profit": null,
      "operating_income": 186400000,
      "net_income": 128200000,
      "opex": null,
      "cogs": null,
      "rd": null,
      "sga": null,
      "fcf": 37100000,
      "ocf": 38900000,
      "capex": -1800000,
      "gross_margin": null,
      "op_margin": 0.11626746506986028,
      "fcf_margin": 0.02314121756487026,
      "incr_op_margin_yoy": 0.7044145873320538,
      "rev_growth_yoy": 0.03358906582425376,
      "rev_growth_yoy_accel": -0.002713916907300405,
      "fcf_margin_change": -0.10972503251402896
    },
    {
      "date": "2025-06-30T00:00:00",
      "quarter_label": "2025-06 (Q2)",
      "revenue": 1654400000,
      "gross_profit": null,
      "operating_income": 209900000,
      "net_income": 157100000,
      "opex": null,
      "cogs": null,
      "rd": null,
      "sga": null,
      "fcf": 204900000,
      "ocf": 206600000,
      "capex": -1700000,
      "gross_margin": null,
      "op_margin": 0.1268737911025145,
      "fcf_margin": 0.12385154738878143,
      "incr_op_margin_yoy": 0.9728122344944775,
      "rev_growth_yoy": 0.07659269863994274,
      "rev_growth_yoy_accel": 0.04300363281568898,
      "fcf_margin_change": 0.10071032982391118
    },
    {
      "date": "2025-09-30T00:00:00",
      "quarter_label": "2025-09 (Q3)",
      "revenue": 1665000000,
      "gross_profit": null,
      "operating_income": 247700000,
      "net_income": 178700000,
      "opex": null,
      "cogs": null,
      "rd": null,
      "sga": null,
      "fcf": 551400000,
      "ocf": 554400000,
      "capex": -3000000,
      "gross_margin": null,
      "op_margin": 0.14876876876876877,
      "fcf_margin": 0.3311711711711712,
      "incr_op_margin_yoy": 0.9739217652958877,
      "rev_growth_yoy": 0.06369386060180157,
      "rev_growth_yoy_accel": -0.012898838038141167,
      "fcf_margin_change": 0.20731962378238974
    }
  ],
  "signals": [
    {
      "quarter": "2025-09 (Q3)",
      "signal": "FCF MARGIN EXPANSION",
      "detail": "FCF margin: +12.4% -> +33.1% (+20.7%)",
      "severity": "MEDIUM"
    },
    {
      "quarter": "2025-09 (Q3)",
      "signal": "INCREMENTAL MARGIN (YoY)",
      "detail": "YoY Incr OPM: +97.4% vs year-ago OPM: +9.6%",
      "severity": "HIGH"
    },
    {
      "quarter": "2025-06 (Q2)",
      "signal": "FCF MARGIN EXPANSION",
      "detail": "FCF margin: +2.3% -> +12.4% (+10.1%)",
      "severity": "MEDIUM"
    },
    {
      "quarter": "2025-06 (Q2)",
      "signal": "INCREMENTAL MARGIN (YoY)",
      "detail": "YoY Incr OPM: +97.3% vs year-ago OPM: +6.2%",
      "severity": "HIGH"
    },
    {
      "quarter": "2025-03 (Q1)",
      "signal": "INCREMENTAL MARGIN (YoY)",
      "detail": "YoY Incr OPM: +70.4% vs year-ago OPM: +9.7%",
      "severity": "HIGH"
    },
    {
      "quarter": "2024-12 (Q4)",
      "signal": "INCREMENTAL MARGIN (YoY)",
      "detail": "YoY Incr OPM: +173.5% vs year-ago OPM: +10.3%",
      "severity": "HIGH"
    },
    {
      "quarter": "2024-09 (Q3)",
      "signal": "FCF MARGIN EXPANSION",
      "detail": "FCF margin: +8.9% -> +25.1% (+16.1%)",
      "severity": "MEDIUM"
    },
    {
      "quarter": "2024-09 (Q3)",
      "signal": "INCREMENTAL MARGIN (YoY)",
      "detail": "YoY Incr OPM: +281.1% vs year-ago OPM: +0.9%",
      "severity": "HIGH"
    },
    {
      "quarter": "2024-06 (Q2)",
      "signal": "FCF MARGIN EXPANSION",
      "detail": "FCF margin: +3.6% -> +8.9% (+5.3%)",
      "severity": "MEDIUM"
    },
    {
      "quarter": "2024-06 (Q2)",
      "signal": "YoY REVENUE GROWTH DECELERATION",
      "detail": "YoY growth: +2.1% vs prior quarter YoY: +7.4% (decel: -5.3%)",
      "severity": "WARNING"
    },
    {
      "quarter": "2024-06 (Q2)",
      "signal": "OP MARGIN TURNED POSITIVE (YoY)",
      "detail": "Op margin: -5.3% (year-ago) -> +6.2%",
      "severity": "HIGH"
    },
    {
      "quarter": "2024-03 (Q1)",
      "signal": "INCREMENTAL MARGIN (YoY)",
      "detail": "YoY Incr OPM: +127.1% vs year-ago OPM: +0.9%",
      "severity": "HIGH"
    },
    {
      "quarter": "2023-12 (Q4)",
      "signal": "YoY REVENUE GROWTH DECELERATION",
      "detail": "YoY growth: +3.4% vs prior quarter YoY: +11.0% (decel: -7.6%)",
      "severity": "WARNING"
    },
    {
      "quarter": "2023-12 (Q4)",
      "signal": "OP MARGIN TURNED POSITIVE (YoY)",
      "detail": "Op margin: -2.6% (year-ago) -> +10.3%",
      "severity": "HIGH"
    },
    {
      "quarter": "2023-09 (Q3)",
      "signal": "FCF MARGIN EXPANSION",
      "detail": "FCF margin: +1.5% -> +14.6% (+13.1%)",
      "severity": "MEDIUM"
    },
    {
      "quarter": "2023-09 (Q3)",
      "signal": "YoY REVENUE GROWTH DECELERATION",
      "detail": "YoY growth: +11.0% vs prior quarter YoY: +16.4% (decel: -5.4%)",
      "severity": "WARNING"
    },
    {
      "quarter": "2023-09 (Q3)",
      "signal": "OP MARGIN TURNED POSITIVE (QoQ)",
      "detail": "Op margin: -5.3% -> +0.9%",
      "severity": "HIGH"
    },
    {
      "quarter": "2023-06 (Q2)",
      "signal": "YoY REVENUE GROWTH ACCELERATION",
      "detail": "YoY growth: +16.4% vs prior quarter YoY: +8.5% (accel: +7.9%)",
      "severity": "MEDIUM"
    },
    {
      "quarter": "2023-03 (Q1)",
      "signal": "OP MARGIN TURNED POSITIVE (QoQ)",
      "detail": "Op margin: -2.6% -> +0.9%",
      "severity": "HIGH"
    },
    {
      "quarter": "2022-09 (Q3)",
      "signal": "FCF MARGIN EXPANSION",
      "detail": "FCF margin: +0.3% -> +22.8% (+22.5%)",
      "severity": "MEDIUM"
    },
    {
      "quarter": "2022-09 (Q3)",
      "signal": "YoY REVENUE GROWTH ACCELERATION",
      "detail": "YoY growth: +7.0% vs prior quarter YoY: -0.0% (accel: +7.1%)",
      "severity": "MEDIUM"
    },
    {
      "quarter": "2022-03 (Q1)",
      "signal": "INCREMENTAL MARGIN (YoY)",
      "detail": "YoY Incr OPM: +146.2% vs year-ago OPM: +6.6%",
      "severity": "HIGH"
    },
    {
      "quarter": "2021-09 (Q3)",
      "signal": "FCF MARGIN EXPANSION",
      "detail": "FCF margin: +12.8% -> +22.3% (+9.4%)",
      "severity": "MEDIUM"
    }
  ],
  "data_quality": {
    "n_quarters": 20,
    "coverage": {
      "revenue": [
        20,
        20
      ],
      "gross_profit": [
        0,
        20
      ],
      "op_income": [
        20,
        20
      ],
      "fcf": [
        20,
        20
      ]
    },
    "gaps": [],
    "warnings": [
      "gross_profit: no data"
    ]
  },
  "market_cap": null,
  "source": "SEC EDGAR",
  "last_updated": "2026-02-02T20:55:58.066217"
}