{
  "ticker": "THO",
  "name": "THOR INDUSTRIES, INC.",
  "quarters": [
    {
      "date": "2021-01-31T00:00:00",
      "quarter_label": "2021-01 (Q1)",
      "revenue": 2727788000,
      "gross_profit": 414877000,
      "operating_income": null,
      "net_income": 132524000,
      "opex": null,
      "cogs": 2312911000,
      "rd": null,
      "sga": 206189000,
      "fcf": -7276000,
      "ocf": -7276000,
      "capex": null,
      "gross_margin": 0.15209283126108042,
      "op_margin": null,
      "fcf_margin": -0.002667362712938102
    },
    {
      "date": "2021-04-30T00:00:00",
      "quarter_label": "2021-04 (Q2)",
      "revenue": 3459264000,
      "gross_profit": 505280000,
      "operating_income": null,
      "net_income": 183311000,
      "opex": null,
      "cogs": 2953984000,
      "rd": null,
      "sga": 231834000,
      "fcf": 263639000,
      "ocf": 263639000,
      "capex": null,
      "gross_margin": 0.1460657527150284,
      "op_margin": null,
      "fcf_margin": 0.07621245444117593,
      "fcf_margin_change": 0.07887981715411403
    },
    {
      "date": "2021-07-31T00:00:00",
      "quarter_label": "2021-07 (Q3)",
      "revenue": 3592968000,
      "gross_profit": 595964000,
      "operating_income": null,
      "net_income": 230280000,
      "opex": null,
      "cogs": 2997004000,
      "rd": null,
      "sga": 250130000,
      "fcf": 351409000,
      "ocf": 351409000,
      "capex": null,
      "gross_margin": 0.16586955408453402,
      "op_margin": null,
      "fcf_margin": 0.09780465620623395,
      "fcf_margin_change": 0.021592201765058022
    },
    {
      "date": "2021-10-31T00:00:00",
      "quarter_label": "2021-10 (Q4)",
      "revenue": 3958224000,
      "gross_profit": 655424000,
      "operating_income": null,
      "net_income": 242242000,
      "opex": null,
      "cogs": 3302800000,
      "rd": null,
      "sga": 295883000,
      "fcf": 41792000,
      "ocf": 41792000,
      "capex": null,
      "gross_margin": 0.1655853736423204,
      "op_margin": null,
      "fcf_margin": 0.010558270577915752,
      "fcf_margin_change": -0.0872463856283182
    },
    {
      "date": "2022-01-31T00:00:00",
      "quarter_label": "2022-01 (Q1)",
      "revenue": 3875018000,
      "gross_profit": 675274000,
      "operating_income": null,
      "net_income": 266568000,
      "opex": null,
      "cogs": 3199744000,
      "rd": null,
      "sga": 267450000,
      "fcf": 256260000,
      "ocf": 256260000,
      "capex": null,
      "gross_margin": 0.17426344858269047,
      "op_margin": null,
      "fcf_margin": 0.06613130571264443,
      "rev_growth_yoy": 0.42057154001703945,
      "fcf_margin_change": 0.05557303513472868
    },
    {
      "date": "2022-04-30T00:00:00",
      "quarter_label": "2022-04 (Q2)",
      "revenue": 4657517000,
      "gross_profit": 807445000,
      "operating_income": null,
      "net_income": 348051000,
      "opex": null,
      "cogs": 3850072000,
      "rd": null,
      "sga": 281676000,
      "fcf": 339497000,
      "ocf": 339497000,
      "capex": null,
      "gross_margin": 0.1733638331325468,
      "op_margin": null,
      "fcf_margin": 0.07289227285697508,
      "rev_growth_yoy": 0.3463895788237035,
      "rev_growth_yoy_accel": -0.07418196119333592,
      "fcf_margin_change": 0.006760967144330651
    },
    {
      "date": "2022-07-31T00:00:00",
      "quarter_label": "2022-07 (Q3)",
      "revenue": 3821766000,
      "gross_profit": 667887000,
      "operating_income": null,
      "net_income": 280943000,
      "opex": null,
      "cogs": 3153879000,
      "rd": null,
      "sga": 271453000,
      "fcf": 352567000,
      "ocf": 352567000,
      "capex": null,
      "gross_margin": 0.17475873719113103,
      "op_margin": null,
      "fcf_margin": 0.0922523775657641,
      "rev_growth_yoy": 0.06367938706940891,
      "rev_growth_yoy_accel": -0.2827101917542946,
      "fcf_margin_change": 0.019360104708789017
    },
    {
      "date": "2022-10-31T00:00:00",
      "quarter_label": "2022-10 (Q4)",
      "revenue": 3108084000,
      "gross_profit": 486476000,
      "operating_income": null,
      "net_income": 136185000,
      "opex": null,
      "cogs": 2621608000,
      "rd": null,
      "sga": 241624000,
      "fcf": 94016000,
      "ocf": 94016000,
      "capex": null,
      "gross_margin": 0.15651957926491047,
      "op_margin": null,
      "fcf_margin": 0.030248860712902226,
      "rev_growth_yoy": -0.21477814292470562,
      "rev_growth_yoy_accel": -0.27845752999411455,
      "fcf_margin_change": -0.06200351685286187
    },
    {
      "date": "2023-01-31T00:00:00",
      "quarter_label": "2023-01 (Q1)",
      "revenue": 2346635000,
      "gross_profit": 282935000,
      "operating_income": null,
      "net_income": 27080000,
      "opex": null,
      "cogs": 2063700000,
      "rd": null,
      "sga": 208743000,
      "fcf": 91305000,
      "ocf": 91305000,
      "capex": null,
      "gross_margin": 0.12057051906240213,
      "op_margin": null,
      "fcf_margin": 0.03890890573097222,
      "rev_growth_yoy": -0.39441958721224,
      "rev_growth_yoy_accel": -0.1796414442875344,
      "fcf_margin_change": 0.008660045018069995
    },
    {
      "date": "2023-04-30T00:00:00",
      "quarter_label": "2023-04 (Q2)",
      "revenue": 2928820000,
      "gross_profit": 432637000,
      "operating_income": null,
      "net_income": 120719000,
      "opex": null,
      "cogs": 2496183000,
      "rd": null,
      "sga": 210044000,
      "fcf": 288799000,
      "ocf": 288799000,
      "capex": null,
      "gross_margin": 0.1477171693719655,
      "op_margin": null,
      "fcf_margin": 0.09860592320456703,
      "rev_growth_yoy": -0.3711627890998573,
      "rev_growth_yoy_accel": 0.023256798112382737,
      "fcf_margin_change": 0.05969701747359481
    },
    {
      "date": "2023-07-31T00:00:00",
      "quarter_label": "2023-07 (Q3)",
      "revenue": 2738066000,
      "gross_profit": 394305000,
      "operating_income": null,
      "net_income": 90287000,
      "opex": null,
      "cogs": 2343761000,
      "rd": null,
      "sga": 209643000,
      "fcf": 507513000,
      "ocf": 507513000,
      "capex": null,
      "gross_margin": 0.1440085812394588,
      "op_margin": null,
      "fcf_margin": 0.18535455317731567,
      "rev_growth_yoy": -0.28356000864521796,
      "rev_growth_yoy_accel": 0.08760278045463932,
      "fcf_margin_change": 0.08674862997274864
    },
    {
      "date": "2023-10-31T00:00:00",
      "quarter_label": "2023-10 (Q4)",
      "revenue": 2500759000,
      "gross_profit": 357932000,
      "operating_income": null,
      "net_income": 53565000,
      "opex": null,
      "cogs": 2142827000,
      "rd": null,
      "sga": 217896000,
      "fcf": 59668000,
      "ocf": 59668000,
      "capex": null,
      "gross_margin": 0.14312934593057547,
      "op_margin": null,
      "fcf_margin": 0.02385995611732278,
      "rev_growth_yoy": -0.19540173302909444,
      "rev_growth_yoy_accel": 0.08815827561612352,
      "fcf_margin_change": -0.1614945970599929
    },
    {
      "date": "2024-01-31T00:00:00",
      "quarter_label": "2024-01 (Q1)",
      "revenue": 2207369000,
      "gross_profit": 270847000,
      "operating_income": null,
      "net_income": 7217000,
      "opex": null,
      "cogs": 1936522000,
      "rd": null,
      "sga": 220125000,
      "fcf": -103868000,
      "ocf": -103868000,
      "capex": null,
      "gross_margin": 0.12270127921521051,
      "op_margin": null,
      "fcf_margin": -0.04705511402941692,
      "rev_growth_yoy": -0.05934710766693584,
      "rev_growth_yoy_accel": 0.1360546253621586,
      "fcf_margin_change": -0.0709150701467397
    },
    {
      "date": "2024-04-30T00:00:00",
      "quarter_label": "2024-04 (Q2)",
      "revenue": 2801113000,
      "gross_profit": 421852000,
      "operating_income": null,
      "net_income": 114511000,
      "opex": null,
      "cogs": 2379261000,
      "rd": null,
      "sga": 226515000,
      "fcf": 251732000,
      "ocf": 251732000,
      "capex": null,
      "gross_margin": 0.15060156444955988,
      "op_margin": null,
      "fcf_margin": 0.08986856296050891,
      "rev_growth_yoy": -0.04360356730697004,
      "rev_growth_yoy_accel": 0.0157435403599658,
      "fcf_margin_change": 0.13692367698992583
    },
    {
      "date": "2024-07-31T00:00:00",
      "quarter_label": "2024-07 (Q3)",
      "revenue": 2534167000,
      "gross_profit": 401331000,
      "operating_income": null,
      "net_income": 90015000,
      "opex": null,
      "cogs": 2132836000,
      "rd": null,
      "sga": 230995000,
      "fcf": 338016000,
      "ocf": 338016000,
      "capex": null,
      "gross_margin": 0.15836801599894562,
      "op_margin": null,
      "fcf_margin": 0.13338347472759293,
      "rev_growth_yoy": -0.07446825606102994,
      "rev_growth_yoy_accel": -0.0308646887540599,
      "fcf_margin_change": 0.043514911767084025
    },
    {
      "date": "2024-10-31T00:00:00",
      "quarter_label": "2024-10 (Q4)",
      "revenue": 2142784000,
      "gross_profit": 281442000,
      "operating_income": null,
      "net_income": -1832000,
      "opex": null,
      "cogs": 1861342000,
      "rd": null,
      "sga": 240197000,
      "fcf": 30740000,
      "ocf": 30740000,
      "capex": null,
      "gross_margin": 0.1313440832113736,
      "op_margin": null,
      "fcf_margin": 0.014345823004091873,
      "rev_growth_yoy": -0.14314654071024038,
      "rev_growth_yoy_accel": -0.06867828464921044,
      "fcf_margin_change": -0.11903765172350106
    },
    {
      "date": "2025-01-31T00:00:00",
      "quarter_label": "2025-01 (Q1)",
      "revenue": 2018107000,
      "gross_profit": 245197000,
      "operating_income": null,
      "net_income": -551000,
      "opex": null,
      "cogs": 1772910000,
      "rd": null,
      "sga": 206222000,
      "fcf": 30842000,
      "ocf": 30842000,
      "capex": null,
      "gross_margin": 0.1214985132106474,
      "op_margin": null,
      "fcf_margin": 0.015282638631152857,
      "rev_growth_yoy": -0.08574098847995057,
      "rev_growth_yoy_accel": 0.057405552230289814,
      "fcf_margin_change": 0.0009368156270609836
    },
    {
      "date": "2025-04-30T00:00:00",
      "quarter_label": "2025-04 (Q2)",
      "revenue": 2894816000,
      "gross_profit": 443119000,
      "operating_income": null,
      "net_income": 135185000,
      "opex": null,
      "cogs": 2451697000,
      "rd": null,
      "sga": 238273000,
      "fcf": 257667000,
      "ocf": 257667000,
      "capex": null,
      "gross_margin": 0.15307328686866453,
      "op_margin": null,
      "fcf_margin": 0.0890098023501321,
      "rev_growth_yoy": 0.033452059949027405,
      "rev_growth_yoy_accel": 0.11919304842897797,
      "fcf_margin_change": 0.07372716371897925
    },
    {
      "date": "2025-07-31T00:00:00",
      "quarter_label": "2025-07 (Q3)",
      "revenue": 2523783000,
      "gross_profit": 370883000,
      "operating_income": null,
      "net_income": 125757000,
      "opex": null,
      "cogs": 2152900000,
      "rd": null,
      "sga": 237862000,
      "fcf": 258674000,
      "ocf": 258674000,
      "capex": null,
      "gross_margin": 0.14695518592525586,
      "op_margin": null,
      "fcf_margin": 0.10249454885780591,
      "rev_growth_yoy": -0.004097598934876825,
      "rev_growth_yoy_accel": -0.03754965888390423,
      "fcf_margin_change": 0.013484746507673812
    },
    {
      "date": "2025-10-31T00:00:00",
      "quarter_label": "2025-10 (Q4)",
      "revenue": 2389123000,
      "gross_profit": 320974000,
      "operating_income": null,
      "net_income": 21669000,
      "opex": null,
      "cogs": 2068149000,
      "rd": null,
      "sga": 254030000,
      "fcf": -44867000,
      "ocf": -44867000,
      "capex": null,
      "gross_margin": 0.13434804319409255,
      "op_margin": null,
      "fcf_margin": -0.01877969447366251,
      "rev_growth_yoy": 0.11496212404050059,
      "rev_growth_yoy_accel": 0.11905972297537741,
      "fcf_margin_change": -0.12127424333146843
    }
  ],
  "signals": [
    {
      "quarter": "2025-10 (Q4)",
      "signal": "YoY REVENUE GROWTH ACCELERATION",
      "detail": "YoY growth: +11.5% vs prior quarter YoY: -0.4% (accel: +11.9%)",
      "severity": "MEDIUM"
    },
    {
      "quarter": "2025-04 (Q2)",
      "signal": "FCF MARGIN EXPANSION",
      "detail": "FCF margin: +1.5% -> +8.9% (+7.4%)",
      "severity": "MEDIUM"
    },
    {
      "quarter": "2025-04 (Q2)",
      "signal": "GROSS MARGIN INFLECTION",
      "detail": "GM: +13.1% -> +12.1% -> +15.3% (reversal +3.2%)",
      "severity": "MEDIUM"
    },
    {
      "quarter": "2025-04 (Q2)",
      "signal": "YoY REVENUE GROWTH ACCELERATION",
      "detail": "YoY growth: +3.3% vs prior quarter YoY: -8.6% (accel: +11.9%)",
      "severity": "MEDIUM"
    },
    {
      "quarter": "2025-01 (Q1)",
      "signal": "YoY REVENUE GROWTH ACCELERATION",
      "detail": "YoY growth: -8.6% vs prior quarter YoY: -14.3% (accel: +5.7%)",
      "severity": "MEDIUM"
    },
    {
      "quarter": "2024-10 (Q4)",
      "signal": "YoY REVENUE GROWTH DECELERATION",
      "detail": "YoY growth: -14.3% vs prior quarter YoY: -7.4% (decel: -6.9%)",
      "severity": "WARNING"
    },
    {
      "quarter": "2024-04 (Q2)",
      "signal": "FCF TURNED POSITIVE",
      "detail": "FCF margin: -4.7% -> +9.0%",
      "severity": "HIGH"
    },
    {
      "quarter": "2024-04 (Q2)",
      "signal": "GROSS MARGIN INFLECTION",
      "detail": "GM: +14.3% -> +12.3% -> +15.1% (reversal +2.8%)",
      "severity": "MEDIUM"
    },
    {
      "quarter": "2024-01 (Q1)",
      "signal": "YoY REVENUE GROWTH ACCELERATION",
      "detail": "YoY growth: -5.9% vs prior quarter YoY: -19.5% (accel: +13.6%)",
      "severity": "MEDIUM"
    },
    {
      "quarter": "2023-10 (Q4)",
      "signal": "YoY REVENUE GROWTH ACCELERATION",
      "detail": "YoY growth: -19.5% vs prior quarter YoY: -28.4% (accel: +8.8%)",
      "severity": "MEDIUM"
    },
    {
      "quarter": "2023-07 (Q3)",
      "signal": "FCF MARGIN EXPANSION",
      "detail": "FCF margin: +9.9% -> +18.5% (+8.7%)",
      "severity": "MEDIUM"
    },
    {
      "quarter": "2023-07 (Q3)",
      "signal": "YoY REVENUE GROWTH ACCELERATION",
      "detail": "YoY growth: -28.4% vs prior quarter YoY: -37.1% (accel: +8.8%)",
      "severity": "MEDIUM"
    },
    {
      "quarter": "2023-04 (Q2)",
      "signal": "FCF MARGIN EXPANSION",
      "detail": "FCF margin: +3.9% -> +9.9% (+6.0%)",
      "severity": "MEDIUM"
    },
    {
      "quarter": "2023-04 (Q2)",
      "signal": "GROSS MARGIN INFLECTION",
      "detail": "GM: +15.7% -> +12.1% -> +14.8% (reversal +2.7%)",
      "severity": "MEDIUM"
    },
    {
      "quarter": "2023-01 (Q1)",
      "signal": "YoY REVENUE GROWTH DECELERATION",
      "detail": "YoY growth: -39.4% vs prior quarter YoY: -21.5% (decel: -18.0%)",
      "severity": "WARNING"
    },
    {
      "quarter": "2022-10 (Q4)",
      "signal": "YoY REVENUE GROWTH DECELERATION",
      "detail": "YoY growth: -21.5% vs prior quarter YoY: +6.4% (decel: -27.8%)",
      "severity": "WARNING"
    },
    {
      "quarter": "2022-07 (Q3)",
      "signal": "YoY REVENUE GROWTH DECELERATION",
      "detail": "YoY growth: +6.4% vs prior quarter YoY: +34.6% (decel: -28.3%)",
      "severity": "WARNING"
    },
    {
      "quarter": "2022-04 (Q2)",
      "signal": "YoY REVENUE GROWTH DECELERATION",
      "detail": "YoY growth: +34.6% vs prior quarter YoY: +42.1% (decel: -7.4%)",
      "severity": "WARNING"
    },
    {
      "quarter": "2022-01 (Q1)",
      "signal": "FCF MARGIN EXPANSION",
      "detail": "FCF margin: +1.1% -> +6.6% (+5.6%)",
      "severity": "MEDIUM"
    },
    {
      "quarter": "2021-04 (Q2)",
      "signal": "FCF TURNED POSITIVE",
      "detail": "FCF margin: -0.3% -> +7.6%",
      "severity": "HIGH"
    }
  ],
  "data_quality": {
    "n_quarters": 20,
    "coverage": {
      "revenue": [
        20,
        20
      ],
      "gross_profit": [
        20,
        20
      ],
      "op_income": [
        0,
        20
      ],
      "fcf": [
        20,
        20
      ]
    },
    "gaps": [],
    "warnings": [
      "op_income: no data"
    ]
  },
  "market_cap": null,
  "source": "SEC EDGAR",
  "last_updated": "2026-02-02T20:56:19.971451"
}