{
  "ticker": "TIPT",
  "name": "Tiptree Inc.",
  "quarters": [
    {
      "date": "2020-12-31T00:00:00",
      "quarter_label": "2020-12 (Q4)",
      "revenue": 257395000,
      "gross_profit": null,
      "operating_income": null,
      "net_income": 14270000,
      "opex": 232827000,
      "cogs": null,
      "rd": null,
      "sga": 5919000,
      "fcf": 69969000,
      "ocf": 71954000,
      "capex": -1985000,
      "gross_margin": null,
      "op_margin": null,
      "fcf_margin": 0.2718351172322695
    },
    {
      "date": "2021-03-31T00:00:00",
      "quarter_label": "2021-03 (Q1)",
      "revenue": 294688000,
      "gross_profit": null,
      "operating_income": null,
      "net_income": 28581000,
      "opex": 255296000,
      "cogs": null,
      "rd": null,
      "sga": 8003000,
      "fcf": 26933000,
      "ocf": 27330000,
      "capex": -397000,
      "gross_margin": null,
      "op_margin": null,
      "fcf_margin": 0.09139496688022587,
      "op_leverage_ratio": 1.5013322470350141,
      "fcf_margin_change": -0.18044015035204364
    },
    {
      "date": "2021-06-30T00:00:00",
      "quarter_label": "2021-06 (Q2)",
      "revenue": 299687000,
      "gross_profit": null,
      "operating_income": null,
      "net_income": 7969000,
      "opex": 288212000,
      "cogs": null,
      "rd": null,
      "sga": 10060000,
      "fcf": 117479000,
      "ocf": 118273000,
      "capex": -794000,
      "gross_margin": null,
      "op_margin": null,
      "fcf_margin": 0.3920056592378048,
      "op_leverage_ratio": 0.1315702324891769,
      "fcf_margin_change": 0.3006106923575789
    },
    {
      "date": "2021-09-30T00:00:00",
      "quarter_label": "2021-09 (Q3)",
      "revenue": 286605000,
      "gross_profit": null,
      "operating_income": null,
      "net_income": 2008000,
      "opex": 283021000,
      "cogs": null,
      "rd": null,
      "sga": 9334000,
      "fcf": 39524000,
      "ocf": 40436000,
      "capex": -912000,
      "gross_margin": null,
      "op_margin": null,
      "fcf_margin": 0.13790408401807366,
      "fcf_margin_change": -0.2541015752197311
    },
    {
      "date": "2021-12-31T00:00:00",
      "quarter_label": "2021-12 (Q4)",
      "revenue": 319534000,
      "gross_profit": null,
      "operating_income": null,
      "net_income": -426000,
      "opex": 308643000,
      "cogs": null,
      "rd": null,
      "sga": 9257000,
      "fcf": 17616000,
      "ocf": 18277000,
      "capex": -661000,
      "gross_margin": null,
      "op_margin": null,
      "fcf_margin": 0.055130283475310925,
      "rev_growth_yoy": 0.24141494590027002,
      "op_leverage_ratio": 1.2691133534014674,
      "fcf_margin_change": -0.08277380054276273
    },
    {
      "date": "2022-03-31T00:00:00",
      "quarter_label": "2022-03 (Q1)",
      "revenue": 324903000,
      "gross_profit": null,
      "operating_income": null,
      "net_income": -960000,
      "opex": 325855000,
      "cogs": null,
      "rd": null,
      "sga": 4039000,
      "fcf": 148532000,
      "ocf": 149067000,
      "capex": -535000,
      "gross_margin": null,
      "op_margin": null,
      "fcf_margin": 0.4571579825363262,
      "rev_growth_yoy": 0.10253216961667934,
      "rev_growth_yoy_accel": -0.1388827762835907,
      "op_leverage_ratio": 0.30130158907579857,
      "fcf_margin_change": 0.4020276990610153
    },
    {
      "date": "2022-06-30T00:00:00",
      "quarter_label": "2022-06 (Q2)",
      "revenue": 339843000,
      "gross_profit": null,
      "operating_income": null,
      "net_income": -22408000,
      "opex": 335036000,
      "cogs": null,
      "rd": null,
      "sga": 8052000,
      "fcf": 132898000,
      "ocf": 135446000,
      "capex": -2548000,
      "gross_margin": null,
      "op_margin": null,
      "fcf_margin": 0.39105704693049437,
      "rev_growth_yoy": 0.13399313283525813,
      "rev_growth_yoy_accel": 0.03146096321857879,
      "op_leverage_ratio": 1.632041800792603,
      "fcf_margin_change": -0.06610093560583186
    },
    {
      "date": "2022-09-30T00:00:00",
      "quarter_label": "2022-09 (Q3)",
      "revenue": 363478000,
      "gross_profit": null,
      "operating_income": null,
      "net_income": 14223000,
      "opex": 338353000,
      "cogs": null,
      "rd": null,
      "sga": 6677000,
      "fcf": 114113000,
      "ocf": 116344000,
      "capex": -2231000,
      "gross_margin": null,
      "op_margin": null,
      "fcf_margin": 0.3139474741249814,
      "rev_growth_yoy": 0.26821932625041434,
      "rev_growth_yoy_accel": 0.1342261934151562,
      "op_leverage_ratio": 7.024627203962102,
      "fcf_margin_change": -0.07710957280551295
    },
    {
      "date": "2022-12-31T00:00:00",
      "quarter_label": "2022-12 (Q4)",
      "revenue": 369528000,
      "gross_profit": null,
      "operating_income": null,
      "net_income": 871000,
      "opex": 344497000,
      "cogs": null,
      "rd": null,
      "sga": 7448000,
      "fcf": 56803000,
      "ocf": 62216000,
      "capex": -5413000,
      "gross_margin": null,
      "op_margin": null,
      "fcf_margin": 0.15371771557229763,
      "rev_growth_yoy": 0.15645909355498946,
      "rev_growth_yoy_accel": -0.11176023269542487,
      "op_leverage_ratio": 0.9166342263507581,
      "fcf_margin_change": -0.1602297585526838
    },
    {
      "date": "2023-03-31T00:00:00",
      "quarter_label": "2023-03 (Q1)",
      "revenue": 381625000,
      "gross_profit": null,
      "operating_income": null,
      "net_income": -1062000,
      "opex": 373452000,
      "cogs": null,
      "rd": null,
      "sga": 9059000,
      "fcf": 38099000,
      "ocf": 43046000,
      "capex": -4947000,
      "gross_margin": null,
      "op_margin": null,
      "fcf_margin": 0.09983360628889616,
      "rev_growth_yoy": 0.17458133658353417,
      "rev_growth_yoy_accel": 0.018122243028544704,
      "op_leverage_ratio": 0.38948631613883183,
      "fcf_margin_change": -0.05388410928340147
    },
    {
      "date": "2023-06-30T00:00:00",
      "quarter_label": "2023-06 (Q2)",
      "revenue": 404518000,
      "gross_profit": null,
      "operating_income": null,
      "net_income": 5989000,
      "opex": 380844000,
      "cogs": null,
      "rd": null,
      "sga": 9977000,
      "fcf": -13312000,
      "ocf": -6678000,
      "capex": -6634000,
      "gross_margin": null,
      "op_margin": null,
      "fcf_margin": -0.03290830074310661,
      "rev_growth_yoy": 0.1903084659681088,
      "rev_growth_yoy_accel": 0.01572712938457463,
      "op_leverage_ratio": 3.030670505059958,
      "fcf_margin_change": -0.13274190703200278
    },
    {
      "date": "2023-09-30T00:00:00",
      "quarter_label": "2023-09 (Q3)",
      "revenue": 416514000,
      "gross_profit": null,
      "operating_income": null,
      "net_income": 2153000,
      "opex": 395373000,
      "cogs": null,
      "rd": null,
      "sga": 9405000,
      "fcf": 56276000,
      "ocf": 57198000,
      "capex": -922000,
      "gross_margin": null,
      "op_margin": null,
      "fcf_margin": 0.13511190500199274,
      "rev_growth_yoy": 0.14591254491330974,
      "rev_growth_yoy_accel": -0.04439592105479906,
      "op_leverage_ratio": 0.7773381812248943,
      "fcf_margin_change": 0.16802020574509935
    },
    {
      "date": "2023-12-31T00:00:00",
      "quarter_label": "2023-12 (Q4)",
      "revenue": 446374000,
      "gross_profit": null,
      "operating_income": null,
      "net_income": 6871000,
      "opex": 416309000,
      "cogs": null,
      "rd": null,
      "sga": 9645000,
      "fcf": -23641000,
      "ocf": -22114000,
      "capex": -1527000,
      "gross_margin": null,
      "op_margin": null,
      "fcf_margin": -0.05296231411327721,
      "rev_growth_yoy": 0.20795717780520015,
      "rev_growth_yoy_accel": 0.06204463289189041,
      "op_leverage_ratio": 1.3538591927166563,
      "fcf_margin_change": -0.18807421911526995
    },
    {
      "date": "2024-03-31T00:00:00",
      "quarter_label": "2024-03 (Q1)",
      "revenue": 498221000,
      "gross_profit": null,
      "operating_income": null,
      "net_income": 9050000,
      "opex": 468522000,
      "cogs": null,
      "rd": null,
      "sga": 10521000,
      "fcf": 61917000,
      "ocf": 62704000,
      "capex": -787000,
      "gross_margin": null,
      "op_margin": null,
      "fcf_margin": 0.12427617462933116,
      "rev_growth_yoy": 0.3055250573206682,
      "rev_growth_yoy_accel": 0.09756787951546805,
      "op_leverage_ratio": 0.9261085515715508,
      "fcf_margin_change": 0.17723848874260836
    },
    {
      "date": "2024-06-30T00:00:00",
      "quarter_label": "2024-06 (Q2)",
      "revenue": 546673000,
      "gross_profit": null,
      "operating_income": null,
      "net_income": 12851000,
      "opex": 506027000,
      "cogs": null,
      "rd": null,
      "sga": 10330000,
      "fcf": 45972000,
      "ocf": 46878000,
      "capex": -906000,
      "gross_margin": null,
      "op_margin": null,
      "fcf_margin": 0.08409414768975237,
      "rev_growth_yoy": 0.35141823107995196,
      "rev_growth_yoy_accel": 0.045893173759283756,
      "op_leverage_ratio": 1.2148719314230578,
      "fcf_margin_change": -0.040182026939578785
    },
    {
      "date": "2024-09-30T00:00:00",
      "quarter_label": "2024-09 (Q3)",
      "revenue": 494362000,
      "gross_profit": null,
      "operating_income": null,
      "net_income": 11915000,
      "opex": 457581000,
      "cogs": null,
      "rd": null,
      "sga": 11026000,
      "fcf": 60681000,
      "ocf": 61217000,
      "capex": -536000,
      "gross_margin": null,
      "op_margin": null,
      "fcf_margin": 0.12274608485280017,
      "rev_growth_yoy": 0.18690368150890485,
      "rev_growth_yoy_accel": -0.1645145495710471,
      "fcf_margin_change": 0.038651937163047795
    },
    {
      "date": "2024-12-31T00:00:00",
      "quarter_label": "2024-12 (Q4)",
      "revenue": 503598000,
      "gross_profit": null,
      "operating_income": null,
      "net_income": 19551000,
      "opex": 461405000,
      "cogs": null,
      "rd": null,
      "sga": 10710000,
      "fcf": 68155000,
      "ocf": 69957000,
      "capex": -1802000,
      "gross_margin": null,
      "op_margin": null,
      "fcf_margin": 0.1353361212713315,
      "rev_growth_yoy": 0.12819743085394758,
      "rev_growth_yoy_accel": -0.05870625065495727,
      "op_leverage_ratio": 2.235573449649207,
      "fcf_margin_change": 0.01259003641853132
    },
    {
      "date": "2025-03-31T00:00:00",
      "quarter_label": "2025-03 (Q1)",
      "revenue": 497426000,
      "gross_profit": null,
      "operating_income": null,
      "net_income": 5635000,
      "opex": 472076000,
      "cogs": null,
      "rd": null,
      "sga": 10558000,
      "fcf": -34442000,
      "ocf": -33321000,
      "capex": -1121000,
      "gross_margin": null,
      "op_margin": null,
      "fcf_margin": -0.06924044983575446,
      "rev_growth_yoy": -0.0015956774202612897,
      "rev_growth_yoy_accel": -0.12979310827420887,
      "fcf_margin_change": -0.20457657110708594
    },
    {
      "date": "2025-06-30T00:00:00",
      "quarter_label": "2025-06 (Q2)",
      "revenue": 528750000,
      "gross_profit": null,
      "operating_income": null,
      "net_income": 18960000,
      "opex": 476038000,
      "cogs": null,
      "rd": null,
      "sga": 12593000,
      "fcf": 20068000,
      "ocf": 21253000,
      "capex": -1185000,
      "gross_margin": null,
      "op_margin": null,
      "fcf_margin": 0.03795366430260047,
      "rev_growth_yoy": -0.03278559577663429,
      "rev_growth_yoy_accel": -0.031189918356373,
      "op_leverage_ratio": 7.5031941486767835,
      "fcf_margin_change": 0.10719411413835493
    },
    {
      "date": "2025-09-30T00:00:00",
      "quarter_label": "2025-09 (Q3)",
      "revenue": 540302000,
      "gross_profit": null,
      "operating_income": null,
      "net_income": 6421000,
      "opex": 502026000,
      "cogs": null,
      "rd": null,
      "sga": 11547000,
      "fcf": 133382000,
      "ocf": 135434000,
      "capex": -2052000,
      "gross_margin": null,
      "op_margin": null,
      "fcf_margin": 0.24686564180772974,
      "rev_growth_yoy": 0.09292785448719765,
      "rev_growth_yoy_accel": 0.12571345026383193,
      "op_leverage_ratio": 0.4001985987349681,
      "fcf_margin_change": 0.20891197750512927
    }
  ],
  "signals": [
    {
      "quarter": "2025-09 (Q3)",
      "signal": "FCF MARGIN EXPANSION",
      "detail": "FCF margin: +3.8% -> +24.7% (+20.9%)",
      "severity": "MEDIUM"
    },
    {
      "quarter": "2025-09 (Q3)",
      "signal": "YoY REVENUE GROWTH ACCELERATION",
      "detail": "YoY growth: +9.3% vs prior quarter YoY: -3.3% (accel: +12.6%)",
      "severity": "MEDIUM"
    },
    {
      "quarter": "2025-06 (Q2)",
      "signal": "FCF TURNED POSITIVE",
      "detail": "FCF margin: -6.9% -> +3.8%",
      "severity": "HIGH"
    },
    {
      "quarter": "2025-06 (Q2)",
      "signal": "OPERATING LEVERAGE",
      "detail": "Rev growth +6.3% vs OpEx growth +0.8% (leverage: 7.5x)",
      "severity": "MEDIUM"
    },
    {
      "quarter": "2025-03 (Q1)",
      "signal": "YoY REVENUE GROWTH DECELERATION",
      "detail": "YoY growth: -0.2% vs prior quarter YoY: +12.8% (decel: -13.0%)",
      "severity": "WARNING"
    },
    {
      "quarter": "2024-12 (Q4)",
      "signal": "OPERATING LEVERAGE",
      "detail": "Rev growth +1.9% vs OpEx growth +0.8% (leverage: 2.2x)",
      "severity": "MEDIUM"
    },
    {
      "quarter": "2024-12 (Q4)",
      "signal": "YoY REVENUE GROWTH DECELERATION",
      "detail": "YoY growth: +12.8% vs prior quarter YoY: +18.7% (decel: -5.9%)",
      "severity": "WARNING"
    },
    {
      "quarter": "2024-09 (Q3)",
      "signal": "YoY REVENUE GROWTH DECELERATION",
      "detail": "YoY growth: +18.7% vs prior quarter YoY: +35.1% (decel: -16.5%)",
      "severity": "WARNING"
    },
    {
      "quarter": "2024-03 (Q1)",
      "signal": "FCF TURNED POSITIVE",
      "detail": "FCF margin: -5.3% -> +12.4%",
      "severity": "HIGH"
    },
    {
      "quarter": "2024-03 (Q1)",
      "signal": "YoY REVENUE GROWTH ACCELERATION",
      "detail": "YoY growth: +30.6% vs prior quarter YoY: +20.8% (accel: +9.8%)",
      "severity": "MEDIUM"
    },
    {
      "quarter": "2023-12 (Q4)",
      "signal": "YoY REVENUE GROWTH ACCELERATION",
      "detail": "YoY growth: +20.8% vs prior quarter YoY: +14.6% (accel: +6.2%)",
      "severity": "MEDIUM"
    },
    {
      "quarter": "2023-09 (Q3)",
      "signal": "FCF TURNED POSITIVE",
      "detail": "FCF margin: -3.3% -> +13.5%",
      "severity": "HIGH"
    },
    {
      "quarter": "2023-06 (Q2)",
      "signal": "OPERATING LEVERAGE",
      "detail": "Rev growth +6.0% vs OpEx growth +2.0% (leverage: 3.0x)",
      "severity": "MEDIUM"
    },
    {
      "quarter": "2022-12 (Q4)",
      "signal": "YoY REVENUE GROWTH DECELERATION",
      "detail": "YoY growth: +15.6% vs prior quarter YoY: +26.8% (decel: -11.2%)",
      "severity": "WARNING"
    },
    {
      "quarter": "2022-09 (Q3)",
      "signal": "OPERATING LEVERAGE",
      "detail": "Rev growth +7.0% vs OpEx growth +1.0% (leverage: 7.0x)",
      "severity": "MEDIUM"
    },
    {
      "quarter": "2022-09 (Q3)",
      "signal": "YoY REVENUE GROWTH ACCELERATION",
      "detail": "YoY growth: +26.8% vs prior quarter YoY: +13.4% (accel: +13.4%)",
      "severity": "MEDIUM"
    },
    {
      "quarter": "2022-06 (Q2)",
      "signal": "OPERATING LEVERAGE",
      "detail": "Rev growth +4.6% vs OpEx growth +2.8% (leverage: 1.6x)",
      "severity": "MEDIUM"
    },
    {
      "quarter": "2022-03 (Q1)",
      "signal": "FCF MARGIN EXPANSION",
      "detail": "FCF margin: +5.5% -> +45.7% (+40.2%)",
      "severity": "MEDIUM"
    },
    {
      "quarter": "2022-03 (Q1)",
      "signal": "YoY REVENUE GROWTH DECELERATION",
      "detail": "YoY growth: +10.3% vs prior quarter YoY: +24.1% (decel: -13.9%)",
      "severity": "WARNING"
    },
    {
      "quarter": "2021-06 (Q2)",
      "signal": "FCF MARGIN EXPANSION",
      "detail": "FCF margin: +9.1% -> +39.2% (+30.1%)",
      "severity": "MEDIUM"
    },
    {
      "quarter": "2021-03 (Q1)",
      "signal": "OPERATING LEVERAGE",
      "detail": "Rev growth +14.5% vs OpEx growth +9.7% (leverage: 1.5x)",
      "severity": "MEDIUM"
    }
  ],
  "data_quality": {
    "n_quarters": 20,
    "coverage": {
      "revenue": [
        20,
        20
      ],
      "gross_profit": [
        0,
        20
      ],
      "op_income": [
        0,
        20
      ],
      "fcf": [
        20,
        20
      ]
    },
    "gaps": [],
    "warnings": [
      "gross_profit: no data",
      "op_income: no data"
    ]
  },
  "market_cap": null,
  "source": "SEC EDGAR",
  "last_updated": "2026-02-02T22:15:30.034286"
}