{
  "ticker": "TJX",
  "name": "The TJX Companies, Inc.",
  "quarters": [
    {
      "date": "2021-01-30T00:00:00",
      "quarter_label": "2021-01 (Q1)",
      "revenue": 10943210000,
      "gross_profit": 3060635000,
      "operating_income": null,
      "net_income": 325523000,
      "opex": null,
      "cogs": 7882575000,
      "rd": null,
      "sga": 2193101000,
      "fcf": 150844000,
      "ocf": 285240000,
      "capex": -134396000,
      "gross_margin": 0.27968347495844453,
      "op_margin": null,
      "fcf_margin": 0.01378425525965416
    },
    {
      "date": "2021-05-01T00:00:00",
      "quarter_label": "2021-05 (Q2)",
      "revenue": 10086661000,
      "gross_profit": 2831026000,
      "operating_income": null,
      "net_income": 533930000,
      "opex": null,
      "cogs": 7255635000,
      "rd": null,
      "sga": 2064992000,
      "fcf": -658020000,
      "ocf": -432727000,
      "capex": -225293000,
      "gross_margin": 0.2806702832582556,
      "op_margin": null,
      "fcf_margin": -0.06523665264451735,
      "fcf_margin_change": -0.0790209079041715
    },
    {
      "date": "2021-07-31T00:00:00",
      "quarter_label": "2021-07 (Q3)",
      "revenue": 12077063000,
      "gross_profit": 3548933000,
      "operating_income": null,
      "net_income": 785681000,
      "opex": null,
      "cogs": 8528130000,
      "rd": null,
      "sga": 2223692000,
      "fcf": 1159955000,
      "ocf": 1379606000,
      "capex": -219651000,
      "gross_margin": 0.29385728964070157,
      "op_margin": null,
      "fcf_margin": 0.0960461165102807,
      "fcf_margin_change": 0.16128276915479806
    },
    {
      "date": "2021-10-30T00:00:00",
      "quarter_label": "2021-10 (Q4)",
      "revenue": 12531890000,
      "gross_profit": 3696358000,
      "operating_income": null,
      "net_income": 1023000000,
      "opex": null,
      "cogs": 8835532000,
      "rd": null,
      "sga": 2296649000,
      "fcf": 729456000,
      "ocf": 1000054000,
      "capex": -270598000,
      "gross_margin": 0.2949561478755399,
      "op_margin": null,
      "fcf_margin": 0.058207979801929315,
      "fcf_margin_change": -0.03783813670835138
    },
    {
      "date": "2022-01-29T00:00:00",
      "quarter_label": "2022-01 (Q1)",
      "revenue": 13854368000,
      "gross_profit": 3759853000,
      "operating_income": null,
      "net_income": 940204000,
      "opex": null,
      "cogs": 10094515000,
      "rd": null,
      "sga": 2495905000,
      "fcf": 780609000,
      "ocf": 1110067000,
      "capex": -329458000,
      "gross_margin": 0.27138394187306125,
      "op_margin": null,
      "fcf_margin": 0.05634389096637248,
      "rev_growth_yoy": 0.2660241373417854,
      "fcf_margin_change": -0.001864088835556832
    },
    {
      "date": "2022-04-30T00:00:00",
      "quarter_label": "2022-04 (Q2)",
      "revenue": 11406474000,
      "gross_profit": 3183261000,
      "operating_income": null,
      "net_income": 587473000,
      "opex": null,
      "cogs": 8223213000,
      "rd": null,
      "sga": 2094582000,
      "fcf": -948000000,
      "ocf": -634000000,
      "capex": -314000000,
      "gross_margin": 0.2790749358653691,
      "op_margin": null,
      "fcf_margin": -0.0831106966096622,
      "rev_growth_yoy": 0.13084736366177072,
      "rev_growth_yoy_accel": -0.1351767736800147,
      "fcf_margin_change": -0.13945458757603468
    },
    {
      "date": "2022-07-30T00:00:00",
      "quarter_label": "2022-07 (Q3)",
      "revenue": 11843008000,
      "gross_profit": 3271458000,
      "operating_income": null,
      "net_income": 809340000,
      "opex": null,
      "cogs": 8571550000,
      "rd": null,
      "sga": 2174861000,
      "fcf": 261000000,
      "ocf": 640000000,
      "capex": -379000000,
      "gross_margin": 0.27623539560219834,
      "op_margin": null,
      "fcf_margin": 0.022038319994379805,
      "rev_growth_yoy": -0.019380125780580924,
      "rev_growth_yoy_accel": -0.15022748944235165,
      "fcf_margin_change": 0.105149016604042
    },
    {
      "date": "2022-10-29T00:00:00",
      "quarter_label": "2022-10 (Q4)",
      "revenue": 12166286000,
      "gross_profit": 3543730000,
      "operating_income": null,
      "net_income": 1062806000,
      "opex": null,
      "cogs": 8622556000,
      "rd": null,
      "sga": 2184946000,
      "fcf": 646000000,
      "ocf": 1053000000,
      "capex": -407000000,
      "gross_margin": 0.2912745927557514,
      "op_margin": null,
      "fcf_margin": 0.05309755170970007,
      "rev_growth_yoy": -0.029173891567832146,
      "rev_growth_yoy_accel": -0.009793765787251222,
      "fcf_margin_change": 0.031059231715320264
    },
    {
      "date": "2023-01-28T00:00:00",
      "quarter_label": "2023-01 (Q1)",
      "revenue": 14520232000,
      "gross_profit": 3788551000,
      "operating_income": null,
      "net_income": 1038381000,
      "opex": null,
      "cogs": 10731681000,
      "rd": null,
      "sga": 2472611000,
      "fcf": 2668000000,
      "ocf": 3025000000,
      "capex": -357000000,
      "gross_margin": 0.26091532146318325,
      "op_margin": null,
      "fcf_margin": 0.18374362062534538,
      "rev_growth_yoy": 0.04806166546175185,
      "rev_growth_yoy_accel": 0.077235557029584,
      "fcf_margin_change": 0.1306460689156453
    },
    {
      "date": "2023-04-29T00:00:00",
      "quarter_label": "2023-04 (Q2)",
      "revenue": 11783000000,
      "gross_profit": 3409000000,
      "operating_income": null,
      "net_income": 891000000,
      "opex": null,
      "cogs": 8374000000,
      "rd": null,
      "sga": 2238000000,
      "fcf": 384000000,
      "ocf": 745000000,
      "capex": -361000000,
      "gross_margin": 0.28931511499618096,
      "op_margin": null,
      "fcf_margin": 0.032589323601799204,
      "rev_growth_yoy": 0.03300985037093847,
      "rev_growth_yoy_accel": -0.01505181509081338,
      "fcf_margin_change": -0.15115429702354619
    },
    {
      "date": "2023-07-29T00:00:00",
      "quarter_label": "2023-07 (Q3)",
      "revenue": 12758000000,
      "gross_profit": 3848000000,
      "operating_income": null,
      "net_income": 989000000,
      "opex": null,
      "cogs": 8910000000,
      "rd": null,
      "sga": 2559000000,
      "fcf": 882000000,
      "ocf": 1341000000,
      "capex": -459000000,
      "gross_margin": 0.30161467314626117,
      "op_margin": null,
      "fcf_margin": 0.0691330929612792,
      "rev_growth_yoy": 0.07726010148773015,
      "rev_growth_yoy_accel": 0.04425025111679168,
      "fcf_margin_change": 0.03654376935948
    },
    {
      "date": "2023-10-28T00:00:00",
      "quarter_label": "2023-10 (Q4)",
      "revenue": 13265000000,
      "gross_profit": 4126000000,
      "operating_income": null,
      "net_income": 1191000000,
      "opex": null,
      "cogs": 9139000000,
      "rd": null,
      "sga": 2578000000,
      "fcf": 711000000,
      "ocf": 1171000000,
      "capex": -460000000,
      "gross_margin": 0.3110441010177158,
      "op_margin": null,
      "fcf_margin": 0.05359969845457972,
      "rev_growth_yoy": 0.0903080858036709,
      "rev_growth_yoy_accel": 0.013047984315940758,
      "fcf_margin_change": -0.01553339450669948
    },
    {
      "date": "2024-02-03T00:00:00",
      "quarter_label": "2024-02 (Q1)",
      "revenue": 16411000000,
      "gross_profit": 4883000000,
      "operating_income": null,
      "net_income": 1403000000,
      "opex": null,
      "cogs": 11528000000,
      "rd": null,
      "sga": 3094000000,
      "fcf": 2358000000,
      "ocf": 2800000000,
      "capex": -442000000,
      "gross_margin": 0.2975443300225459,
      "op_margin": null,
      "fcf_margin": 0.14368411431357017,
      "rev_growth_yoy": 0.13021610123033847,
      "rev_growth_yoy_accel": 0.03990801542666757,
      "fcf_margin_change": 0.09008441585899045
    },
    {
      "date": "2024-05-04T00:00:00",
      "quarter_label": "2024-05 (Q2)",
      "revenue": 12479000000,
      "gross_profit": 3740000000,
      "operating_income": null,
      "net_income": 1070000000,
      "opex": null,
      "cogs": 8739000000,
      "rd": null,
      "sga": 2400000000,
      "fcf": 318000000,
      "ocf": 737000000,
      "capex": -419000000,
      "gross_margin": 0.2997035018831637,
      "op_margin": null,
      "fcf_margin": 0.025482811122686112,
      "rev_growth_yoy": 0.059068149028261054,
      "rev_growth_yoy_accel": -0.07114795220207742,
      "fcf_margin_change": -0.11820130319088407
    },
    {
      "date": "2024-08-03T00:00:00",
      "quarter_label": "2024-08 (Q3)",
      "revenue": 13468000000,
      "gross_profit": 4088000000,
      "operating_income": null,
      "net_income": 1099000000,
      "opex": null,
      "cogs": 9380000000,
      "rd": null,
      "sga": 2666000000,
      "fcf": 1066000000,
      "ocf": 1629000000,
      "capex": -563000000,
      "gross_margin": 0.30353430353430355,
      "op_margin": null,
      "fcf_margin": 0.07915057915057915,
      "rev_growth_yoy": 0.055651356011914094,
      "rev_growth_yoy_accel": -0.00341679301634696,
      "fcf_margin_change": 0.05366776802789303
    },
    {
      "date": "2024-11-02T00:00:00",
      "quarter_label": "2024-11 (Q4)",
      "revenue": 14063000000,
      "gross_profit": 4441000000,
      "operating_income": null,
      "net_income": 1297000000,
      "opex": null,
      "cogs": 9622000000,
      "rd": null,
      "sga": 2748000000,
      "fcf": 624000000,
      "ocf": 1046000000,
      "capex": -422000000,
      "gross_margin": 0.3157932162412003,
      "op_margin": null,
      "fcf_margin": 0.04437175567090948,
      "rev_growth_yoy": 0.06015831134564644,
      "rev_growth_yoy_accel": 0.004506955333732347,
      "fcf_margin_change": -0.034778823479669665
    },
    {
      "date": "2025-02-01T00:00:00",
      "quarter_label": "2025-02 (Q1)",
      "revenue": 16350000000,
      "gross_profit": 4979000000,
      "operating_income": null,
      "net_income": 1398000000,
      "opex": null,
      "cogs": 11371000000,
      "rd": null,
      "sga": 3132000000,
      "fcf": 2190000000,
      "ocf": 2704000000,
      "capex": -514000000,
      "gross_margin": 0.30452599388379203,
      "op_margin": null,
      "fcf_margin": 0.13394495412844037,
      "rev_growth_yoy": -0.003717019072573274,
      "rev_growth_yoy_accel": -0.06387533041821972,
      "fcf_margin_change": 0.0895731984575309
    },
    {
      "date": "2025-05-03T00:00:00",
      "quarter_label": "2025-05 (Q2)",
      "revenue": 13111000000,
      "gross_profit": 3865000000,
      "operating_income": null,
      "net_income": 1036000000,
      "opex": null,
      "cogs": 9246000000,
      "rd": null,
      "sga": 2549000000,
      "fcf": -103000000,
      "ocf": 394000000,
      "capex": -497000000,
      "gross_margin": 0.29479063381893067,
      "op_margin": null,
      "fcf_margin": -0.007855998779650675,
      "rev_growth_yoy": 0.05064508374068435,
      "rev_growth_yoy_accel": 0.05436210281325762,
      "fcf_margin_change": -0.14180095290809105
    },
    {
      "date": "2025-08-02T00:00:00",
      "quarter_label": "2025-08 (Q3)",
      "revenue": 14401000000,
      "gross_profit": 4425000000,
      "operating_income": null,
      "net_income": 1243000000,
      "opex": null,
      "cogs": 9976000000,
      "rd": null,
      "sga": 2805000000,
      "fcf": 1330000000,
      "ocf": 1791000000,
      "capex": -461000000,
      "gross_margin": 0.3072703284494132,
      "op_margin": null,
      "fcf_margin": 0.09235469759044511,
      "rev_growth_yoy": 0.06927531927531927,
      "rev_growth_yoy_accel": 0.01863023553463492,
      "fcf_margin_change": 0.10021069637009579
    },
    {
      "date": "2025-11-01T00:00:00",
      "quarter_label": "2025-11 (Q4)",
      "revenue": 15117000000,
      "gross_profit": 4927000000,
      "operating_income": null,
      "net_income": 1442000000,
      "opex": null,
      "cogs": 10190000000,
      "rd": null,
      "sga": 3039000000,
      "fcf": 1001000000,
      "ocf": 1532000000,
      "capex": -531000000,
      "gross_margin": 0.3259244559105643,
      "op_margin": null,
      "fcf_margin": 0.06621684196599854,
      "rev_growth_yoy": 0.07494844627746569,
      "rev_growth_yoy_accel": 0.005673127002146422,
      "fcf_margin_change": -0.026137855624446565
    }
  ],
  "signals": [
    {
      "quarter": "2025-08 (Q3)",
      "signal": "FCF TURNED POSITIVE",
      "detail": "FCF margin: -0.8% -> +9.2%",
      "severity": "HIGH"
    },
    {
      "quarter": "2025-05 (Q2)",
      "signal": "YoY REVENUE GROWTH ACCELERATION",
      "detail": "YoY growth: +5.1% vs prior quarter YoY: -0.4% (accel: +5.4%)",
      "severity": "MEDIUM"
    },
    {
      "quarter": "2025-02 (Q1)",
      "signal": "FCF MARGIN EXPANSION",
      "detail": "FCF margin: +4.4% -> +13.4% (+9.0%)",
      "severity": "MEDIUM"
    },
    {
      "quarter": "2025-02 (Q1)",
      "signal": "YoY REVENUE GROWTH DECELERATION",
      "detail": "YoY growth: -0.4% vs prior quarter YoY: +6.0% (decel: -6.4%)",
      "severity": "WARNING"
    },
    {
      "quarter": "2024-08 (Q3)",
      "signal": "FCF MARGIN EXPANSION",
      "detail": "FCF margin: +2.5% -> +7.9% (+5.4%)",
      "severity": "MEDIUM"
    },
    {
      "quarter": "2024-05 (Q2)",
      "signal": "YoY REVENUE GROWTH DECELERATION",
      "detail": "YoY growth: +5.9% vs prior quarter YoY: +13.0% (decel: -7.1%)",
      "severity": "WARNING"
    },
    {
      "quarter": "2024-02 (Q1)",
      "signal": "FCF MARGIN EXPANSION",
      "detail": "FCF margin: +5.4% -> +14.4% (+9.0%)",
      "severity": "MEDIUM"
    },
    {
      "quarter": "2023-04 (Q2)",
      "signal": "GROSS MARGIN INFLECTION",
      "detail": "GM: +29.1% -> +26.1% -> +28.9% (reversal +2.8%)",
      "severity": "MEDIUM"
    },
    {
      "quarter": "2023-01 (Q1)",
      "signal": "FCF MARGIN EXPANSION",
      "detail": "FCF margin: +5.3% -> +18.4% (+13.1%)",
      "severity": "MEDIUM"
    },
    {
      "quarter": "2023-01 (Q1)",
      "signal": "YoY REVENUE GROWTH ACCELERATION",
      "detail": "YoY growth: +4.8% vs prior quarter YoY: -2.9% (accel: +7.7%)",
      "severity": "MEDIUM"
    },
    {
      "quarter": "2022-07 (Q3)",
      "signal": "FCF TURNED POSITIVE",
      "detail": "FCF margin: -8.3% -> +2.2%",
      "severity": "HIGH"
    },
    {
      "quarter": "2022-07 (Q3)",
      "signal": "YoY REVENUE GROWTH DECELERATION",
      "detail": "YoY growth: -1.9% vs prior quarter YoY: +13.1% (decel: -15.0%)",
      "severity": "WARNING"
    },
    {
      "quarter": "2022-04 (Q2)",
      "signal": "YoY REVENUE GROWTH DECELERATION",
      "detail": "YoY growth: +13.1% vs prior quarter YoY: +26.6% (decel: -13.5%)",
      "severity": "WARNING"
    },
    {
      "quarter": "2021-07 (Q3)",
      "signal": "FCF TURNED POSITIVE",
      "detail": "FCF margin: -6.5% -> +9.6%",
      "severity": "HIGH"
    }
  ],
  "data_quality": {
    "n_quarters": 20,
    "coverage": {
      "revenue": [
        20,
        20
      ],
      "gross_profit": [
        20,
        20
      ],
      "op_income": [
        0,
        20
      ],
      "fcf": [
        20,
        20
      ]
    },
    "gaps": [],
    "warnings": [
      "op_income: no data"
    ]
  },
  "market_cap": null,
  "source": "SEC EDGAR",
  "last_updated": "2026-02-02T19:46:14.702569"
}