{
  "ticker": "TK",
  "name": "TEEKAY CORPORATION LTD.",
  "quarters": [
    {
      "date": "2014-06-30T00:00:00",
      "quarter_label": "2014-06 (Q2)",
      "revenue": 452254000,
      "gross_profit": null,
      "operating_income": 79449000,
      "net_income": -42987000,
      "opex": 372805000,
      "cogs": null,
      "rd": null,
      "sga": null,
      "fcf": null,
      "ocf": null,
      "capex": null,
      "gross_margin": null,
      "op_margin": 0.17567340476811702,
      "fcf_margin": null
    },
    {
      "date": "2015-06-30T00:00:00",
      "quarter_label": "2015-06 (Q2)",
      "revenue": 592797000,
      "gross_profit": null,
      "operating_income": 175517000,
      "net_income": 65912000,
      "opex": null,
      "cogs": null,
      "rd": null,
      "sga": null,
      "fcf": null,
      "ocf": null,
      "capex": null,
      "gross_margin": null,
      "op_margin": 0.2960828074366098,
      "fcf_margin": null,
      "incr_op_margin_yoy": 0.6835488071266446,
      "rev_growth_yoy": 0.31076120940887203
    },
    {
      "date": "2016-06-30T00:00:00",
      "quarter_label": "2016-06 (Q2)",
      "revenue": 587619000,
      "gross_profit": null,
      "operating_income": 75978000,
      "net_income": -77809000,
      "opex": null,
      "cogs": null,
      "rd": null,
      "sga": null,
      "fcf": null,
      "ocf": null,
      "capex": null,
      "gross_margin": null,
      "op_margin": 0.12929806558331164,
      "fcf_margin": null,
      "incr_op_margin_yoy": 19.223445345693317,
      "rev_growth_yoy": -0.008734862018532482,
      "rev_growth_yoy_accel": -0.3194960714274045
    },
    {
      "date": "2016-09-30T00:00:00",
      "quarter_label": "2016-09 (Q3)",
      "revenue": 547639000,
      "gross_profit": null,
      "operating_income": 89765000,
      "net_income": 6072000,
      "opex": null,
      "cogs": null,
      "rd": null,
      "sga": null,
      "fcf": null,
      "ocf": null,
      "capex": -278236000,
      "gross_margin": null,
      "op_margin": 0.16391272352772537,
      "fcf_margin": null
    },
    {
      "date": "2016-12-31T00:00:00",
      "quarter_label": "2016-12 (Q4)",
      "revenue": 552203000,
      "gross_profit": null,
      "operating_income": 83222000,
      "net_income": -2662000,
      "opex": null,
      "cogs": null,
      "rd": null,
      "sga": null,
      "fcf": null,
      "ocf": null,
      "capex": -100981000,
      "gross_margin": null,
      "op_margin": 0.1507090689474704,
      "fcf_margin": null
    },
    {
      "date": "2017-06-30T00:00:00",
      "quarter_label": "2017-06 (Q2)",
      "revenue": 513923000,
      "gross_profit": null,
      "operating_income": 48286000,
      "net_income": -80152000,
      "opex": null,
      "cogs": null,
      "rd": null,
      "sga": null,
      "fcf": null,
      "ocf": null,
      "capex": null,
      "gross_margin": null,
      "op_margin": 0.093955709318322,
      "fcf_margin": null,
      "incr_op_margin_yoy": 0.3757598784194529,
      "rev_growth_yoy": -0.125414596873144
    },
    {
      "date": "2017-09-30T00:00:00",
      "quarter_label": "2017-09 (Q3)",
      "revenue": 500781000,
      "gross_profit": 458327000,
      "operating_income": -189846000,
      "net_income": -12582000,
      "opex": 648173000,
      "cogs": 42454000,
      "rd": null,
      "sga": null,
      "fcf": null,
      "ocf": null,
      "capex": -328604000,
      "gross_margin": 0.9152244194568084,
      "op_margin": -0.37909984604048474,
      "fcf_margin": null,
      "incr_op_margin_yoy": 5.967198770754194,
      "rev_growth_yoy": -0.08556366511515798,
      "rev_growth_yoy_accel": 0.03985093175798601
    },
    {
      "date": "2017-12-31T00:00:00",
      "quarter_label": "2017-12 (Q4)",
      "revenue": 322123000,
      "gross_profit": 302248000,
      "operating_income": 66655000,
      "net_income": -25286000,
      "opex": 235593000,
      "cogs": 19875000,
      "rd": null,
      "sga": null,
      "fcf": null,
      "ocf": null,
      "capex": -359545000,
      "gross_margin": 0.9382999661619941,
      "op_margin": 0.20692406316841702,
      "fcf_margin": null,
      "incr_op_margin_yoy": 0.07200538942976356,
      "rev_growth_yoy": -0.4166583665789574,
      "rev_growth_yoy_accel": -0.3310947014637994
    },
    {
      "date": "2018-06-30T00:00:00",
      "quarter_label": "2018-06 (Q2)",
      "revenue": 405642000,
      "gross_profit": 310730000,
      "operating_income": 1921000,
      "net_income": -28324000,
      "opex": 308809000,
      "cogs": 94912000,
      "rd": null,
      "sga": null,
      "fcf": null,
      "ocf": null,
      "capex": null,
      "gross_margin": 0.7660202838956518,
      "op_margin": 0.004735702910448129,
      "fcf_margin": null,
      "incr_op_margin_yoy": 0.4281914647999187,
      "rev_growth_yoy": -0.21069498738137815,
      "rev_growth_yoy_accel": 0.20596337919757923,
      "op_leverage_ratio": 0.8342955643864806
    },
    {
      "date": "2018-09-30T00:00:00",
      "quarter_label": "2018-09 (Q3)",
      "revenue": 416562000,
      "gross_profit": 325663000,
      "operating_income": 55082000,
      "net_income": -12005000,
      "opex": 270581000,
      "cogs": 90899000,
      "rd": null,
      "sga": null,
      "fcf": null,
      "ocf": null,
      "capex": -249116000,
      "gross_margin": 0.7817875850413624,
      "op_margin": 0.13223001618006444,
      "fcf_margin": null,
      "incr_op_margin_yoy": -2.908227359621938,
      "rev_growth_yoy": -0.16817531016552145,
      "rev_growth_yoy_accel": 0.0425196772158567,
      "op_leverage_ratio": Infinity
    },
    {
      "date": "2018-12-31T00:00:00",
      "quarter_label": "2018-12 (Q4)",
      "revenue": 491532000,
      "gross_profit": 353603000,
      "operating_income": 88811000,
      "net_income": -18353000,
      "opex": 264792000,
      "cogs": 137929000,
      "rd": null,
      "sga": null,
      "fcf": -31606000,
      "ocf": 97722000,
      "capex": -129328000,
      "gross_margin": 0.7193895819600759,
      "op_margin": 0.18068203087489726,
      "fcf_margin": -0.0643010017659074,
      "incr_op_margin_yoy": 0.13078407876795212,
      "rev_growth_yoy": 0.5259140142119625,
      "rev_growth_yoy_accel": 0.6940893243774839,
      "op_leverage_ratio": Infinity
    },
    {
      "date": "2019-06-30T00:00:00",
      "quarter_label": "2019-06 (Q2)",
      "revenue": 457667000,
      "gross_profit": 358987000,
      "operating_income": 71463000,
      "net_income": -39485000,
      "opex": 287524000,
      "cogs": 98680000,
      "rd": null,
      "sga": null,
      "fcf": null,
      "ocf": null,
      "capex": null,
      "gross_margin": 0.7843847163986042,
      "op_margin": 0.15614628102965694,
      "fcf_margin": null,
      "incr_op_margin_yoy": 1.3367035079288803,
      "rev_growth_yoy": 0.12825348459972094,
      "rev_growth_yoy_accel": -0.3976605296122415
    },
    {
      "date": "2019-09-30T00:00:00",
      "quarter_label": "2019-09 (Q3)",
      "revenue": 420696000,
      "gross_profit": 328007000,
      "operating_income": -130389000,
      "net_income": -198178000,
      "opex": 458396000,
      "cogs": 92689000,
      "rd": null,
      "sga": null,
      "fcf": 67609000,
      "ocf": 77202000,
      "capex": -9593000,
      "gross_margin": 0.7796770114286801,
      "op_margin": -0.3099363911232814,
      "fcf_margin": 0.16070749424762773,
      "incr_op_margin_yoy": -44.86477987421384,
      "rev_growth_yoy": 0.009924092932144555,
      "rev_growth_yoy_accel": -0.11832939166757639
    },
    {
      "date": "2019-12-31T00:00:00",
      "quarter_label": "2019-12 (Q4)",
      "revenue": 585815000,
      "gross_profit": 456630000,
      "operating_income": 178736000,
      "net_income": 11343000,
      "opex": 277894000,
      "cogs": 129185000,
      "rd": null,
      "sga": null,
      "fcf": 214265000,
      "ocf": 127180000,
      "capex": 87085000,
      "gross_margin": 0.7794781629012573,
      "op_margin": 0.3051065609450082,
      "fcf_margin": 0.36575540059575123,
      "incr_op_margin_yoy": 0.9537774572298293,
      "rev_growth_yoy": 0.19181457158435258,
      "rev_growth_yoy_accel": 0.18189047865220803,
      "op_leverage_ratio": Infinity,
      "fcf_margin_change": 0.2050479063481235
    },
    {
      "date": "2020-06-30T00:00:00",
      "quarter_label": "2020-06 (Q2)",
      "revenue": 482805000,
      "gross_profit": 415909000,
      "operating_income": 148504000,
      "net_income": 21723000,
      "opex": 267405000,
      "cogs": 66896000,
      "rd": null,
      "sga": null,
      "fcf": null,
      "ocf": null,
      "capex": null,
      "gross_margin": 0.8614430256521785,
      "op_margin": 0.30758587835668644,
      "fcf_margin": null,
      "incr_op_margin_yoy": 3.0647227305274884,
      "rev_growth_yoy": 0.05492639845127571,
      "rev_growth_yoy_accel": -0.13688817313307688
    },
    {
      "date": "2020-09-30T00:00:00",
      "quarter_label": "2020-09 (Q3)",
      "revenue": 396517000,
      "gross_profit": 334781000,
      "operating_income": 11384000,
      "net_income": -35407000,
      "opex": 323397000,
      "cogs": 61736000,
      "rd": null,
      "sga": null,
      "fcf": 112799000,
      "ocf": 118443000,
      "capex": -5644000,
      "gross_margin": 0.844304279513867,
      "op_margin": 0.028709992257582903,
      "fcf_margin": 0.2844745622507988,
      "incr_op_margin_yoy": -5.863476570577774,
      "rev_growth_yoy": -0.057473805313100194,
      "rev_growth_yoy_accel": -0.1124002037643759
    },
    {
      "date": "2020-12-31T00:00:00",
      "quarter_label": "2020-12 (Q4)",
      "revenue": -307121000,
      "gross_profit": -371558000,
      "operating_income": 25795000,
      "net_income": -19444000,
      "opex": -397353000,
      "cogs": 64437000,
      "rd": null,
      "sga": null,
      "fcf": 92324000,
      "ocf": 89881000,
      "capex": 2443000,
      "gross_margin": 1.2098098143728369,
      "op_margin": -0.08398969787152295,
      "fcf_margin": -0.30061115977090463,
      "incr_op_margin_yoy": 0.17127879265703252,
      "rev_growth_yoy": -1.5242627792050392,
      "rev_growth_yoy_accel": -1.466788973891939,
      "fcf_margin_change": -0.5850857220217034
    },
    {
      "date": "2021-06-30T00:00:00",
      "quarter_label": "2021-06 (Q2)",
      "revenue": 325480000,
      "gross_profit": 247352000,
      "operating_income": -27120000,
      "net_income": -1844000,
      "opex": 274472000,
      "cogs": 78128000,
      "rd": null,
      "sga": null,
      "fcf": null,
      "ocf": null,
      "capex": null,
      "gross_margin": 0.7599606734668797,
      "op_margin": -0.08332309204866659,
      "fcf_margin": null,
      "incr_op_margin_yoy": 1.1163133640552996,
      "rev_growth_yoy": -0.3258561945298827,
      "rev_growth_yoy_accel": 1.1984065846751566
    },
    {
      "date": "2021-09-30T00:00:00",
      "quarter_label": "2021-09 (Q3)",
      "revenue": 320353000,
      "gross_profit": 234797000,
      "operating_income": 18985000,
      "net_income": -2913000,
      "opex": 215812000,
      "cogs": 85556000,
      "rd": null,
      "sga": null,
      "fcf": 5040000,
      "ocf": 25456000,
      "capex": -20416000,
      "gross_margin": 0.7329321092669648,
      "op_margin": 0.05926275077804797,
      "fcf_margin": 0.015732644926065933,
      "incr_op_margin_yoy": -0.09979780473714615,
      "rev_growth_yoy": -0.1920825588814603,
      "rev_growth_yoy_accel": 0.13377363564842237
    },
    {
      "date": "2021-12-31T00:00:00",
      "quarter_label": "2021-12 (Q4)",
      "revenue": -322406000,
      "gross_profit": -397610000,
      "operating_income": -238545000,
      "net_income": -17388000,
      "opex": -159065000,
      "cogs": 75204000,
      "rd": null,
      "sga": null,
      "fcf": 52855000,
      "ocf": 33796000,
      "capex": 19059000,
      "gross_margin": 1.2332586862527373,
      "op_margin": 0.7398900764874102,
      "fcf_margin": -0.16393925671358472,
      "incr_op_margin_yoy": 17.29407916257769,
      "fcf_margin_change": -0.17967190163965066
    }
  ],
  "signals": [
    {
      "quarter": "2021-12 (Q4)",
      "signal": "GROSS MARGIN INFLECTION",
      "detail": "GM: +76.0% -> +73.3% -> +123.3% (reversal +50.0%)",
      "severity": "HIGH"
    },
    {
      "quarter": "2021-12 (Q4)",
      "signal": "OP MARGIN TURNED POSITIVE (YoY)",
      "detail": "Op margin: -8.4% (year-ago) -> +74.0%",
      "severity": "HIGH"
    },
    {
      "quarter": "2021-09 (Q3)",
      "signal": "YoY REVENUE GROWTH ACCELERATION",
      "detail": "YoY growth: -19.2% vs prior quarter YoY: -32.6% (accel: +13.4%)",
      "severity": "MEDIUM"
    },
    {
      "quarter": "2021-09 (Q3)",
      "signal": "OP MARGIN TURNED POSITIVE (QoQ)",
      "detail": "Op margin: -8.3% -> +5.9%",
      "severity": "HIGH"
    },
    {
      "quarter": "2021-06 (Q2)",
      "signal": "YoY REVENUE GROWTH ACCELERATION",
      "detail": "YoY growth: -32.6% vs prior quarter YoY: -152.4% (accel: +119.8%)",
      "severity": "HIGH"
    },
    {
      "quarter": "2020-12 (Q4)",
      "signal": "GROSS MARGIN INFLECTION",
      "detail": "GM: +86.1% -> +84.4% -> +121.0% (reversal +36.6%)",
      "severity": "HIGH"
    },
    {
      "quarter": "2020-12 (Q4)",
      "signal": "YoY REVENUE GROWTH DECELERATION",
      "detail": "YoY growth: -152.4% vs prior quarter YoY: -5.7% (decel: -146.7%)",
      "severity": "WARNING"
    },
    {
      "quarter": "2020-09 (Q3)",
      "signal": "YoY REVENUE GROWTH DECELERATION",
      "detail": "YoY growth: -5.7% vs prior quarter YoY: +5.5% (decel: -11.2%)",
      "severity": "WARNING"
    },
    {
      "quarter": "2020-09 (Q3)",
      "signal": "OP MARGIN TURNED POSITIVE (YoY)",
      "detail": "Op margin: -31.0% (year-ago) -> +2.9%",
      "severity": "HIGH"
    },
    {
      "quarter": "2020-06 (Q2)",
      "signal": "GROSS MARGIN INFLECTION",
      "detail": "GM: +78.0% -> +77.9% -> +86.1% (reversal +8.2%)",
      "severity": "HIGH"
    },
    {
      "quarter": "2020-06 (Q2)",
      "signal": "YoY REVENUE GROWTH DECELERATION",
      "detail": "YoY growth: +5.5% vs prior quarter YoY: +19.2% (decel: -13.7%)",
      "severity": "WARNING"
    },
    {
      "quarter": "2020-06 (Q2)",
      "signal": "INCREMENTAL MARGIN (YoY)",
      "detail": "YoY Incr OPM: +306.5% vs year-ago OPM: +15.6%",
      "severity": "HIGH"
    },
    {
      "quarter": "2019-12 (Q4)",
      "signal": "FCF MARGIN EXPANSION",
      "detail": "FCF margin: +16.1% -> +36.6% (+20.5%)",
      "severity": "MEDIUM"
    },
    {
      "quarter": "2019-12 (Q4)",
      "signal": "YoY REVENUE GROWTH ACCELERATION",
      "detail": "YoY growth: +19.2% vs prior quarter YoY: +1.0% (accel: +18.2%)",
      "severity": "HIGH"
    },
    {
      "quarter": "2019-12 (Q4)",
      "signal": "INCREMENTAL MARGIN (YoY)",
      "detail": "YoY Incr OPM: +95.4% vs year-ago OPM: +18.1%",
      "severity": "HIGH"
    },
    {
      "quarter": "2019-12 (Q4)",
      "signal": "OP MARGIN TURNED POSITIVE (QoQ)",
      "detail": "Op margin: -31.0% -> +30.5%",
      "severity": "HIGH"
    },
    {
      "quarter": "2019-09 (Q3)",
      "signal": "YoY REVENUE GROWTH DECELERATION",
      "detail": "YoY growth: +1.0% vs prior quarter YoY: +12.8% (decel: -11.8%)",
      "severity": "WARNING"
    },
    {
      "quarter": "2019-06 (Q2)",
      "signal": "GROSS MARGIN INFLECTION",
      "detail": "GM: +78.2% -> +71.9% -> +78.4% (reversal +6.5%)",
      "severity": "HIGH"
    },
    {
      "quarter": "2019-06 (Q2)",
      "signal": "YoY REVENUE GROWTH DECELERATION",
      "detail": "YoY growth: +12.8% vs prior quarter YoY: +52.6% (decel: -39.8%)",
      "severity": "WARNING"
    },
    {
      "quarter": "2019-06 (Q2)",
      "signal": "INCREMENTAL MARGIN (YoY)",
      "detail": "YoY Incr OPM: +133.7% vs year-ago OPM: +0.5%",
      "severity": "HIGH"
    },
    {
      "quarter": "2018-12 (Q4)",
      "signal": "YoY REVENUE GROWTH ACCELERATION",
      "detail": "YoY growth: +52.6% vs prior quarter YoY: -16.8% (accel: +69.4%)",
      "severity": "HIGH"
    },
    {
      "quarter": "2018-09 (Q3)",
      "signal": "OP MARGIN TURNED POSITIVE (YoY)",
      "detail": "Op margin: -37.9% (year-ago) -> +13.2%",
      "severity": "HIGH"
    },
    {
      "quarter": "2018-06 (Q2)",
      "signal": "YoY REVENUE GROWTH ACCELERATION",
      "detail": "YoY growth: -21.1% vs prior quarter YoY: -41.7% (accel: +20.6%)",
      "severity": "HIGH"
    },
    {
      "quarter": "2018-06 (Q2)",
      "signal": "INCREMENTAL MARGIN (YoY)",
      "detail": "YoY Incr OPM: +42.8% vs year-ago OPM: +9.4%",
      "severity": "HIGH"
    },
    {
      "quarter": "2017-12 (Q4)",
      "signal": "YoY REVENUE GROWTH DECELERATION",
      "detail": "YoY growth: -41.7% vs prior quarter YoY: -8.6% (decel: -33.1%)",
      "severity": "WARNING"
    },
    {
      "quarter": "2017-12 (Q4)",
      "signal": "OP MARGIN TURNED POSITIVE (QoQ)",
      "detail": "Op margin: -37.9% -> +20.7%",
      "severity": "HIGH"
    },
    {
      "quarter": "2017-06 (Q2)",
      "signal": "INCREMENTAL MARGIN (YoY)",
      "detail": "YoY Incr OPM: +37.6% vs year-ago OPM: +12.9%",
      "severity": "HIGH"
    },
    {
      "quarter": "2016-06 (Q2)",
      "signal": "YoY REVENUE GROWTH DECELERATION",
      "detail": "YoY growth: -0.9% vs prior quarter YoY: +31.1% (decel: -31.9%)",
      "severity": "WARNING"
    },
    {
      "quarter": "2016-06 (Q2)",
      "signal": "INCREMENTAL MARGIN (YoY)",
      "detail": "YoY Incr OPM: +1922.3% vs year-ago OPM: +29.6%",
      "severity": "HIGH"
    },
    {
      "quarter": "2015-06 (Q2)",
      "signal": "INCREMENTAL MARGIN (YoY)",
      "detail": "YoY Incr OPM: +68.4% vs year-ago OPM: +17.6%",
      "severity": "HIGH"
    }
  ],
  "data_quality": {
    "n_quarters": 20,
    "coverage": {
      "revenue": [
        20,
        20
      ],
      "gross_profit": [
        14,
        20
      ],
      "op_income": [
        20,
        20
      ],
      "fcf": [
        7,
        20
      ]
    },
    "gaps": [
      [
        "2014-06 (Q2)",
        "2015-06 (Q2)",
        365
      ],
      [
        "2015-06 (Q2)",
        "2016-06 (Q2)",
        366
      ],
      [
        "2016-12 (Q4)",
        "2017-06 (Q2)",
        181
      ],
      [
        "2017-12 (Q4)",
        "2018-06 (Q2)",
        181
      ],
      [
        "2018-12 (Q4)",
        "2019-06 (Q2)",
        181
      ],
      [
        "2019-12 (Q4)",
        "2020-06 (Q2)",
        182
      ],
      [
        "2020-12 (Q4)",
        "2021-06 (Q2)",
        181
      ]
    ],
    "warnings": [
      "gross_profit: 14/20Q",
      "fcf: 7/20Q",
      "gap: 3Q missing between 2014-06 (Q2) and 2015-06 (Q2)",
      "gap: 3Q missing between 2015-06 (Q2) and 2016-06 (Q2)",
      "gap: 1Q missing between 2016-12 (Q4) and 2017-06 (Q2)",
      "gap: 1Q missing between 2017-12 (Q4) and 2018-06 (Q2)",
      "gap: 1Q missing between 2018-12 (Q4) and 2019-06 (Q2)",
      "gap: 1Q missing between 2019-12 (Q4) and 2020-06 (Q2)",
      "gap: 1Q missing between 2020-12 (Q4) and 2021-06 (Q2)"
    ]
  },
  "market_cap": null,
  "source": "SEC EDGAR",
  "last_updated": "2026-02-02T22:07:29.970334"
}