{
  "ticker": "TKO",
  "name": "TKO GROUP HOLDINGS, INC.",
  "quarters": [
    {
      "date": "2022-09-30T00:00:00",
      "quarter_label": "2022-09 (Q3)",
      "revenue": 340699000,
      "gross_profit": null,
      "operating_income": 169636000,
      "net_income": null,
      "opex": 171063000,
      "cogs": null,
      "rd": null,
      "sga": 56497000,
      "fcf": null,
      "ocf": null,
      "capex": null,
      "gross_margin": null,
      "op_margin": 0.4979057760662638,
      "fcf_margin": null
    },
    {
      "date": "2022-12-31T00:00:00",
      "quarter_label": "2022-12 (Q4)",
      "revenue": 271771000,
      "gross_profit": null,
      "operating_income": 120146000,
      "net_income": null,
      "opex": 151625000,
      "cogs": null,
      "rd": null,
      "sga": 54435000,
      "fcf": 17979000,
      "ocf": 17979000,
      "capex": null,
      "gross_margin": null,
      "op_margin": 0.44208543222050917,
      "fcf_margin": 0.06615496134613333
    },
    {
      "date": "2023-03-31T00:00:00",
      "quarter_label": "2023-03 (Q1)",
      "revenue": 306730000,
      "gross_profit": null,
      "operating_income": 146080000,
      "net_income": null,
      "opex": 160650000,
      "cogs": null,
      "rd": null,
      "sga": 56346000,
      "fcf": 69699000,
      "ocf": 69699000,
      "capex": null,
      "gross_margin": null,
      "op_margin": 0.47624947021810715,
      "fcf_margin": 0.22723241939164737,
      "op_leverage_ratio": 2.161123033241354,
      "fcf_margin_change": 0.16107745804551404
    },
    {
      "date": "2023-06-30T00:00:00",
      "quarter_label": "2023-06 (Q2)",
      "revenue": 305185000,
      "gross_profit": null,
      "operating_income": 143870000,
      "net_income": null,
      "opex": 161315000,
      "cogs": null,
      "rd": null,
      "sga": 63476000,
      "fcf": 110980000,
      "ocf": 110980000,
      "capex": null,
      "gross_margin": null,
      "op_margin": 0.47141897537559185,
      "fcf_margin": 0.3636482789127906,
      "fcf_margin_change": 0.13641585952114324
    },
    {
      "date": "2023-09-30T00:00:00",
      "quarter_label": "2023-09 (Q3)",
      "revenue": 449058000,
      "gross_profit": null,
      "operating_income": 93837000,
      "net_income": -21886000,
      "opex": 355221000,
      "cogs": null,
      "rd": null,
      "sga": 193211000,
      "fcf": 66976000,
      "ocf": 66976000,
      "capex": null,
      "gross_margin": null,
      "op_margin": 0.2089640981788544,
      "fcf_margin": 0.14914777155734893,
      "incr_op_margin_yoy": -0.6995173451213097,
      "rev_growth_yoy": 0.3180490697066912,
      "op_leverage_ratio": 0.39219280350163205,
      "fcf_margin_change": -0.21450050735544168
    },
    {
      "date": "2023-12-31T00:00:00",
      "quarter_label": "2023-12 (Q4)",
      "revenue": 613995000,
      "gross_profit": null,
      "operating_income": 62876000,
      "net_income": -13341000,
      "opex": 551119000,
      "cogs": null,
      "rd": null,
      "sga": 236058000,
      "fcf": 18504000,
      "ocf": 18504000,
      "capex": null,
      "gross_margin": null,
      "op_margin": 0.10240474270963118,
      "fcf_margin": 0.03013705323333252,
      "incr_op_margin_yoy": -0.16734653326476226,
      "rev_growth_yoy": 1.2592366367272447,
      "rev_growth_yoy_accel": 0.9411875670205535,
      "op_leverage_ratio": 0.6660154189357437,
      "fcf_margin_change": -0.11901071832401641
    },
    {
      "date": "2024-03-31T00:00:00",
      "quarter_label": "2024-03 (Q1)",
      "revenue": 629711000,
      "gross_profit": null,
      "operating_income": -210345000,
      "net_income": -103840000,
      "opex": 840056000,
      "cogs": null,
      "rd": null,
      "sga": 531880000,
      "fcf": 44873000,
      "ocf": 44873000,
      "capex": null,
      "gross_margin": null,
      "op_margin": -0.33403418393517026,
      "fcf_margin": 0.0712596730881309,
      "incr_op_margin_yoy": -1.1035478867177946,
      "rev_growth_yoy": 1.052981449483259,
      "rev_growth_yoy_accel": -0.20625518724398573,
      "op_leverage_ratio": 0.04882243209964607,
      "fcf_margin_change": 0.041122619854798384
    },
    {
      "date": "2024-06-30T00:00:00",
      "quarter_label": "2024-06 (Q2)",
      "revenue": 851161000,
      "gross_profit": null,
      "operating_income": 254948000,
      "net_income": 59107000,
      "opex": 596213000,
      "cogs": null,
      "rd": null,
      "sga": 232602000,
      "fcf": 307129000,
      "ocf": 307129000,
      "capex": null,
      "gross_margin": null,
      "op_margin": 0.2995297011963659,
      "fcf_margin": 0.36083537662087434,
      "incr_op_margin_yoy": 0.20344850323091124,
      "rev_growth_yoy": 1.7890001146845356,
      "rev_growth_yoy_accel": 0.7360186652012766,
      "op_leverage_ratio": Infinity,
      "fcf_margin_change": 0.2895757035327434
    },
    {
      "date": "2024-09-30T00:00:00",
      "quarter_label": "2024-09 (Q3)",
      "revenue": 681273000,
      "gross_profit": null,
      "operating_income": 136373000,
      "net_income": 23136000,
      "opex": 544900000,
      "cogs": null,
      "rd": null,
      "sga": 239660000,
      "fcf": 177969000,
      "ocf": 177969000,
      "capex": null,
      "gross_margin": null,
      "op_margin": 0.20017379229765453,
      "fcf_margin": 0.2612300795716255,
      "incr_op_margin_yoy": 0.18317507482290118,
      "rev_growth_yoy": 0.5171158291356573,
      "rev_growth_yoy_accel": -1.2718842855488783,
      "fcf_margin_change": -0.09960529704924886
    },
    {
      "date": "2024-12-31T00:00:00",
      "quarter_label": "2024-12 (Q4)",
      "revenue": 642196000,
      "gross_profit": null,
      "operating_income": 101926000,
      "net_income": 31005000,
      "opex": 540270000,
      "cogs": null,
      "rd": null,
      "sga": 224580000,
      "fcf": 56113000,
      "ocf": 56113000,
      "capex": null,
      "gross_margin": null,
      "op_margin": 0.15871478489433133,
      "fcf_margin": 0.08737675102305215,
      "incr_op_margin_yoy": 1.384702670118081,
      "rev_growth_yoy": 0.04593034145229195,
      "rev_growth_yoy_accel": -0.4711854876833654,
      "fcf_margin_change": -0.17385332854857333
    },
    {
      "date": "2025-03-31T00:00:00",
      "quarter_label": "2025-03 (Q1)",
      "revenue": 1268800000,
      "gross_profit": null,
      "operating_income": 237364000,
      "net_income": 58408000,
      "opex": 1031436000,
      "cogs": null,
      "rd": null,
      "sga": 363285000,
      "fcf": 162824000,
      "ocf": 162824000,
      "capex": null,
      "gross_margin": null,
      "op_margin": 0.18707755359394704,
      "fcf_margin": 0.12832912988650694,
      "incr_op_margin_yoy": 0.7005424909519644,
      "rev_growth_yoy": 1.01489254594568,
      "rev_growth_yoy_accel": 0.968962204493388,
      "op_leverage_ratio": 1.0732678583738948,
      "fcf_margin_change": 0.04095237886345479
    },
    {
      "date": "2025-06-30T00:00:00",
      "quarter_label": "2025-06 (Q2)",
      "revenue": 1308442000,
      "gross_profit": null,
      "operating_income": 368305000,
      "net_income": 98365000,
      "opex": 940137000,
      "cogs": null,
      "rd": null,
      "sga": 364357000,
      "fcf": 396221000,
      "ocf": 396221000,
      "capex": null,
      "gross_margin": null,
      "op_margin": 0.281483627092374,
      "fcf_margin": 0.3028189251032908,
      "incr_op_margin_yoy": 0.24789352717475688,
      "rev_growth_yoy": 0.5372438351851178,
      "rev_growth_yoy_accel": -0.47764871076056215,
      "op_leverage_ratio": Infinity,
      "fcf_margin_change": 0.17448979521678384
    },
    {
      "date": "2025-09-30T00:00:00",
      "quarter_label": "2025-09 (Q3)",
      "revenue": 1119914000,
      "gross_profit": null,
      "operating_income": 171963000,
      "net_income": 41005000,
      "opex": 947951000,
      "cogs": null,
      "rd": null,
      "sga": 379167000,
      "fcf": 416775000,
      "ocf": 416775000,
      "capex": null,
      "gross_margin": null,
      "op_margin": 0.1535501833176476,
      "fcf_margin": 0.37214911144962914,
      "incr_op_margin_yoy": 0.08113696622066793,
      "rev_growth_yoy": 0.6438549597591567,
      "rev_growth_yoy_accel": 0.10661112457403898,
      "fcf_margin_change": 0.06933018634633836
    }
  ],
  "signals": [
    {
      "quarter": "2025-09 (Q3)",
      "signal": "FCF MARGIN EXPANSION",
      "detail": "FCF margin: +30.3% -> +37.2% (+6.9%)",
      "severity": "MEDIUM"
    },
    {
      "quarter": "2025-09 (Q3)",
      "signal": "YoY REVENUE GROWTH ACCELERATION",
      "detail": "YoY growth: +64.4% vs prior quarter YoY: +53.7% (accel: +10.7%)",
      "severity": "MEDIUM"
    },
    {
      "quarter": "2025-06 (Q2)",
      "signal": "FCF MARGIN EXPANSION",
      "detail": "FCF margin: +12.8% -> +30.3% (+17.4%)",
      "severity": "MEDIUM"
    },
    {
      "quarter": "2025-06 (Q2)",
      "signal": "YoY REVENUE GROWTH DECELERATION",
      "detail": "YoY growth: +53.7% vs prior quarter YoY: +101.5% (decel: -47.8%)",
      "severity": "WARNING"
    },
    {
      "quarter": "2025-03 (Q1)",
      "signal": "YoY REVENUE GROWTH ACCELERATION",
      "detail": "YoY growth: +101.5% vs prior quarter YoY: +4.6% (accel: +96.9%)",
      "severity": "HIGH"
    },
    {
      "quarter": "2025-03 (Q1)",
      "signal": "OP MARGIN TURNED POSITIVE (YoY)",
      "detail": "Op margin: -33.4% (year-ago) -> +18.7%",
      "severity": "HIGH"
    },
    {
      "quarter": "2024-12 (Q4)",
      "signal": "YoY REVENUE GROWTH DECELERATION",
      "detail": "YoY growth: +4.6% vs prior quarter YoY: +51.7% (decel: -47.1%)",
      "severity": "WARNING"
    },
    {
      "quarter": "2024-12 (Q4)",
      "signal": "INCREMENTAL MARGIN (YoY)",
      "detail": "YoY Incr OPM: +138.5% vs year-ago OPM: +10.2%",
      "severity": "HIGH"
    },
    {
      "quarter": "2024-09 (Q3)",
      "signal": "YoY REVENUE GROWTH DECELERATION",
      "detail": "YoY growth: +51.7% vs prior quarter YoY: +178.9% (decel: -127.2%)",
      "severity": "WARNING"
    },
    {
      "quarter": "2024-06 (Q2)",
      "signal": "FCF MARGIN EXPANSION",
      "detail": "FCF margin: +7.1% -> +36.1% (+29.0%)",
      "severity": "MEDIUM"
    },
    {
      "quarter": "2024-06 (Q2)",
      "signal": "YoY REVENUE GROWTH ACCELERATION",
      "detail": "YoY growth: +178.9% vs prior quarter YoY: +105.3% (accel: +73.6%)",
      "severity": "HIGH"
    },
    {
      "quarter": "2024-06 (Q2)",
      "signal": "OP MARGIN TURNED POSITIVE (QoQ)",
      "detail": "Op margin: -33.4% -> +30.0%",
      "severity": "HIGH"
    },
    {
      "quarter": "2024-03 (Q1)",
      "signal": "YoY REVENUE GROWTH DECELERATION",
      "detail": "YoY growth: +105.3% vs prior quarter YoY: +125.9% (decel: -20.6%)",
      "severity": "WARNING"
    },
    {
      "quarter": "2023-12 (Q4)",
      "signal": "YoY REVENUE GROWTH ACCELERATION",
      "detail": "YoY growth: +125.9% vs prior quarter YoY: +31.8% (accel: +94.1%)",
      "severity": "HIGH"
    },
    {
      "quarter": "2023-06 (Q2)",
      "signal": "FCF MARGIN EXPANSION",
      "detail": "FCF margin: +22.7% -> +36.4% (+13.6%)",
      "severity": "MEDIUM"
    },
    {
      "quarter": "2023-03 (Q1)",
      "signal": "FCF MARGIN EXPANSION",
      "detail": "FCF margin: +6.6% -> +22.7% (+16.1%)",
      "severity": "MEDIUM"
    },
    {
      "quarter": "2023-03 (Q1)",
      "signal": "OPERATING LEVERAGE",
      "detail": "Rev growth +12.9% vs OpEx growth +6.0% (leverage: 2.2x)",
      "severity": "MEDIUM"
    }
  ],
  "data_quality": {
    "n_quarters": 13,
    "coverage": {
      "revenue": [
        13,
        13
      ],
      "gross_profit": [
        0,
        13
      ],
      "op_income": [
        13,
        13
      ],
      "fcf": [
        12,
        13
      ]
    },
    "gaps": [],
    "warnings": [
      "gross_profit: no data"
    ]
  },
  "market_cap": null,
  "source": "SEC EDGAR",
  "last_updated": "2026-02-02T20:23:48.375723"
}