{
  "ticker": "TLF",
  "name": "TANDY LEATHER FACTORY, INC",
  "quarters": [
    {
      "date": "2020-12-31T00:00:00",
      "quarter_label": "2020-12 (Q4)",
      "revenue": 21803000,
      "gross_profit": 11660000,
      "operating_income": -464000,
      "net_income": -406000,
      "opex": 12124000,
      "cogs": 10143000,
      "rd": null,
      "sga": null,
      "fcf": 1593000,
      "ocf": 1742000,
      "capex": -149000,
      "gross_margin": 0.5347887905334129,
      "op_margin": -0.021281475026372516,
      "fcf_margin": 0.0730633399073522
    },
    {
      "date": "2021-03-31T00:00:00",
      "quarter_label": "2021-03 (Q1)",
      "revenue": 21394000,
      "gross_profit": 12186000,
      "operating_income": 965000,
      "net_income": 745000,
      "opex": 11221000,
      "cogs": 9208000,
      "rd": null,
      "sga": null,
      "fcf": 2089000,
      "ocf": 2205000,
      "capex": -116000,
      "gross_margin": 0.5695989529774703,
      "op_margin": 0.045106104515284656,
      "fcf_margin": 0.09764419930821726,
      "fcf_margin_change": 0.02458085940086506
    },
    {
      "date": "2021-06-30T00:00:00",
      "quarter_label": "2021-06 (Q2)",
      "revenue": 18566000,
      "gross_profit": 11281000,
      "operating_income": 724000,
      "net_income": 540000,
      "opex": 10557000,
      "cogs": 7285000,
      "rd": null,
      "sga": null,
      "fcf": -5062000,
      "ocf": -4966000,
      "capex": -96000,
      "gross_margin": 0.6076160723903911,
      "op_margin": 0.038996014219541096,
      "fcf_margin": -0.27264892814822794,
      "fcf_margin_change": -0.3702931274564452
    },
    {
      "date": "2021-09-30T00:00:00",
      "quarter_label": "2021-09 (Q3)",
      "revenue": 19281000,
      "gross_profit": 11089000,
      "operating_income": 11000,
      "net_income": -16000,
      "opex": 11078000,
      "cogs": 8192000,
      "rd": null,
      "sga": null,
      "fcf": 422000,
      "ocf": 733000,
      "capex": -311000,
      "gross_margin": 0.5751257714848815,
      "op_margin": 0.0005705098283284062,
      "fcf_margin": 0.021886831595871584,
      "op_leverage_ratio": 0.7803519032479035,
      "fcf_margin_change": 0.2945357597440995
    },
    {
      "date": "2021-12-31T00:00:00",
      "quarter_label": "2021-12 (Q4)",
      "revenue": 23420000,
      "gross_profit": 12443000,
      "operating_income": 600000,
      "net_income": 85000,
      "opex": 11843000,
      "cogs": 10977000,
      "rd": null,
      "sga": null,
      "fcf": 5266000,
      "ocf": 5744000,
      "capex": -478000,
      "gross_margin": 0.5312980358667805,
      "op_margin": 0.025619128949615714,
      "fcf_margin": 0.22485055508112725,
      "incr_op_margin_yoy": 0.658008658008658,
      "rev_growth_yoy": 0.07416410585699215,
      "op_leverage_ratio": 3.108606833982318,
      "fcf_margin_change": 0.20296372348525565
    },
    {
      "date": "2022-03-31T00:00:00",
      "quarter_label": "2022-03 (Q1)",
      "revenue": 20500000,
      "gross_profit": 11931000,
      "operating_income": 829000,
      "net_income": 645000,
      "opex": 11102000,
      "cogs": 8569000,
      "rd": null,
      "sga": null,
      "fcf": 113000,
      "ocf": 277000,
      "capex": -164000,
      "gross_margin": 0.582,
      "op_margin": 0.040439024390243904,
      "fcf_margin": 0.005512195121951219,
      "rev_growth_yoy": -0.04178741703281294,
      "rev_growth_yoy_accel": -0.11595152288980509,
      "fcf_margin_change": -0.21933835995917603
    },
    {
      "date": "2022-06-30T00:00:00",
      "quarter_label": "2022-06 (Q2)",
      "revenue": 18410000,
      "gross_profit": 10501000,
      "operating_income": -737000,
      "net_income": -589000,
      "opex": 11238000,
      "cogs": 7909000,
      "rd": null,
      "sga": null,
      "fcf": -2390000,
      "ocf": -2100000,
      "capex": -290000,
      "gross_margin": 0.5703965236284628,
      "op_margin": -0.04003259098316132,
      "fcf_margin": -0.12982074959261272,
      "rev_growth_yoy": -0.008402456102553054,
      "rev_growth_yoy_accel": 0.03338496093025989,
      "fcf_margin_change": -0.13533294471456395
    },
    {
      "date": "2022-09-30T00:00:00",
      "quarter_label": "2022-09 (Q3)",
      "revenue": 19057000,
      "gross_profit": 11596000,
      "operating_income": 976000,
      "net_income": 723000,
      "opex": 10620000,
      "cogs": 7461000,
      "rd": null,
      "sga": null,
      "fcf": -2505000,
      "ocf": -2134000,
      "capex": -371000,
      "gross_margin": 0.6084903185181298,
      "op_margin": 0.05121477672246419,
      "fcf_margin": -0.1314477619772262,
      "rev_growth_yoy": -0.011617654685960271,
      "rev_growth_yoy_accel": -0.0032151985834072173,
      "op_leverage_ratio": Infinity,
      "fcf_margin_change": -0.001627012384613491
    },
    {
      "date": "2022-12-31T00:00:00",
      "quarter_label": "2022-12 (Q4)",
      "revenue": 22368000,
      "gross_profit": 12469000,
      "operating_income": 319000,
      "net_income": 448000,
      "opex": 12150000,
      "cogs": 9899000,
      "rd": null,
      "sga": null,
      "fcf": 5301000,
      "ocf": 5111000,
      "capex": 190000,
      "gross_margin": 0.5574481402002861,
      "op_margin": 0.014261444921316166,
      "fcf_margin": 0.2369903433476395,
      "incr_op_margin_yoy": 0.2671102661596958,
      "rev_growth_yoy": -0.04491887275832622,
      "rev_growth_yoy_accel": -0.03330121807236595,
      "op_leverage_ratio": 1.205973411036241,
      "fcf_margin_change": 0.3684381053248657
    },
    {
      "date": "2023-03-31T00:00:00",
      "quarter_label": "2023-03 (Q1)",
      "revenue": 20360000,
      "gross_profit": 11819000,
      "operating_income": 981000,
      "net_income": 664000,
      "opex": 10838000,
      "cogs": 8541000,
      "rd": null,
      "sga": null,
      "fcf": 710000,
      "ocf": 797000,
      "capex": -87000,
      "gross_margin": 0.5805009823182711,
      "op_margin": 0.04818271119842829,
      "fcf_margin": 0.03487229862475442,
      "rev_growth_yoy": -0.006829268292682927,
      "rev_growth_yoy_accel": 0.038089604465643294,
      "fcf_margin_change": -0.20211804472288508
    },
    {
      "date": "2023-06-30T00:00:00",
      "quarter_label": "2023-06 (Q2)",
      "revenue": 17482000,
      "gross_profit": 10921000,
      "operating_income": 790000,
      "net_income": 531000,
      "opex": 10131000,
      "cogs": 6561000,
      "rd": null,
      "sga": null,
      "fcf": 1445000,
      "ocf": 1532000,
      "capex": -87000,
      "gross_margin": 0.6246996911108569,
      "op_margin": 0.04518933760439309,
      "fcf_margin": 0.08265644663082027,
      "rev_growth_yoy": -0.05040738728951657,
      "rev_growth_yoy_accel": -0.04357811899683364,
      "fcf_margin_change": 0.04778414800606585
    },
    {
      "date": "2023-09-30T00:00:00",
      "quarter_label": "2023-09 (Q3)",
      "revenue": 17542000,
      "gross_profit": 10938000,
      "operating_income": 880000,
      "net_income": 636000,
      "opex": 10058000,
      "cogs": 6604000,
      "rd": null,
      "sga": null,
      "fcf": -1285000,
      "ocf": -1125000,
      "capex": -160000,
      "gross_margin": 0.6235320944020066,
      "op_margin": 0.05016531752365751,
      "fcf_margin": -0.07325276479306807,
      "incr_op_margin_yoy": 0.06336633663366337,
      "rev_growth_yoy": -0.07949834706407094,
      "rev_growth_yoy_accel": -0.02909095977455437,
      "fcf_margin_change": -0.15590921142388833
    },
    {
      "date": "2023-12-31T00:00:00",
      "quarter_label": "2023-12 (Q4)",
      "revenue": 20845000,
      "gross_profit": 11486000,
      "operating_income": 1760000,
      "net_income": 1937000,
      "opex": 9726000,
      "cogs": 9359000,
      "rd": null,
      "sga": null,
      "fcf": 3091000,
      "ocf": 3333000,
      "capex": -242000,
      "gross_margin": 0.5510194291196929,
      "op_margin": 0.08443271767810026,
      "fcf_margin": 0.14828496042216358,
      "incr_op_margin_yoy": -0.9461588969139856,
      "rev_growth_yoy": -0.06808834048640916,
      "rev_growth_yoy_accel": 0.01141000657766178,
      "op_leverage_ratio": Infinity,
      "fcf_margin_change": 0.22153772521523163
    },
    {
      "date": "2024-03-31T00:00:00",
      "quarter_label": "2024-03 (Q1)",
      "revenue": 19275000,
      "gross_profit": 10920000,
      "operating_income": 649000,
      "net_income": 525000,
      "opex": 10271000,
      "cogs": 8355000,
      "rd": null,
      "sga": null,
      "fcf": -141000,
      "ocf": 1086000,
      "capex": -1227000,
      "gross_margin": 0.5665369649805447,
      "op_margin": 0.033670557717250325,
      "fcf_margin": -0.0073151750972762645,
      "incr_op_margin_yoy": 0.30599078341013825,
      "rev_growth_yoy": -0.053290766208251475,
      "rev_growth_yoy_accel": 0.014797574278157685,
      "fcf_margin_change": -0.15560013551943985
    },
    {
      "date": "2024-06-30T00:00:00",
      "quarter_label": "2024-06 (Q2)",
      "revenue": 17286000,
      "gross_profit": 10018000,
      "operating_income": 63000,
      "net_income": 101000,
      "opex": 9955000,
      "cogs": 7268000,
      "rd": null,
      "sga": null,
      "fcf": -715000,
      "ocf": -514000,
      "capex": -201000,
      "gross_margin": 0.5795441397662848,
      "op_margin": 0.003644567858382506,
      "fcf_margin": -0.04136295267846812,
      "rev_growth_yoy": -0.011211531861343096,
      "rev_growth_yoy_accel": 0.04207923434690838,
      "fcf_margin_change": -0.03404777758119186
    },
    {
      "date": "2024-09-30T00:00:00",
      "quarter_label": "2024-09 (Q3)",
      "revenue": 17351000,
      "gross_profit": 10022000,
      "operating_income": -267000,
      "net_income": -132000,
      "opex": 10289000,
      "cogs": 7329000,
      "rd": null,
      "sga": null,
      "fcf": -1422000,
      "ocf": -535000,
      "capex": -887000,
      "gross_margin": 0.5776035963345052,
      "op_margin": -0.015388162065586998,
      "fcf_margin": -0.08195493055155323,
      "rev_growth_yoy": -0.0108881541443393,
      "rev_growth_yoy_accel": 0.0003233777170037963,
      "fcf_margin_change": -0.040591977873085106
    },
    {
      "date": "2024-12-31T00:00:00",
      "quarter_label": "2024-12 (Q4)",
      "revenue": 20478000,
      "gross_profit": 10844000,
      "operating_income": 183000,
      "net_income": 332000,
      "opex": 10661000,
      "cogs": 9634000,
      "rd": null,
      "sga": null,
      "fcf": 3843000,
      "ocf": 4511000,
      "capex": -668000,
      "gross_margin": 0.5295439007715598,
      "op_margin": 0.00893641957222385,
      "fcf_margin": 0.18766481101670085,
      "rev_growth_yoy": -0.01760614056128568,
      "rev_growth_yoy_accel": -0.006717986416946381,
      "op_leverage_ratio": 4.984637711067442,
      "fcf_margin_change": 0.2696197415682541
    },
    {
      "date": "2025-03-31T00:00:00",
      "quarter_label": "2025-03 (Q1)",
      "revenue": 19036000,
      "gross_profit": 10718000,
      "operating_income": 262000,
      "net_income": 12676000,
      "opex": 10456000,
      "cogs": 8318000,
      "rd": null,
      "sga": null,
      "fcf": -1867000,
      "ocf": -536000,
      "capex": -1331000,
      "gross_margin": 0.5630384534566085,
      "op_margin": 0.01376339567135953,
      "fcf_margin": -0.09807732716957344,
      "rev_growth_yoy": -0.012399481193255513,
      "rev_growth_yoy_accel": 0.005206659368030168,
      "fcf_margin_change": -0.2857421381862743
    },
    {
      "date": "2025-06-30T00:00:00",
      "quarter_label": "2025-06 (Q2)",
      "revenue": 17773000,
      "gross_profit": 10573000,
      "operating_income": 66000,
      "net_income": -199000,
      "opex": 10507000,
      "cogs": 7200000,
      "rd": null,
      "sga": null,
      "fcf": -7291000,
      "ocf": -3965000,
      "capex": -3326000,
      "gross_margin": 0.5948911269903787,
      "op_margin": 0.0037134980025881957,
      "fcf_margin": -0.4102289990434929,
      "rev_growth_yoy": 0.028173088048131435,
      "rev_growth_yoy_accel": 0.04057256924138695,
      "fcf_margin_change": -0.31215167187391946
    },
    {
      "date": "2025-09-30T00:00:00",
      "quarter_label": "2025-09 (Q3)",
      "revenue": 17264000,
      "gross_profit": 10170000,
      "operating_income": -678000,
      "net_income": -1352000,
      "opex": 10848000,
      "cogs": 7094000,
      "rd": null,
      "sga": null,
      "fcf": -2968000,
      "ocf": -1035000,
      "capex": -1933000,
      "gross_margin": 0.5890871177015755,
      "op_margin": -0.03927247451343837,
      "fcf_margin": -0.17191844300278036,
      "rev_growth_yoy": -0.005014120223618235,
      "rev_growth_yoy_accel": -0.033187208271749674,
      "fcf_margin_change": 0.23831055604071255
    }
  ],
  "signals": [
    {
      "quarter": "2025-09 (Q3)",
      "signal": "FCF MARGIN EXPANSION",
      "detail": "FCF margin: -41.0% -> -17.2% (+23.8%)",
      "severity": "MEDIUM"
    },
    {
      "quarter": "2025-03 (Q1)",
      "signal": "GROSS MARGIN INFLECTION",
      "detail": "GM: +57.8% -> +53.0% -> +56.3% (reversal +3.3%)",
      "severity": "MEDIUM"
    },
    {
      "quarter": "2024-12 (Q4)",
      "signal": "FCF TURNED POSITIVE",
      "detail": "FCF margin: -8.2% -> +18.8%",
      "severity": "HIGH"
    },
    {
      "quarter": "2024-12 (Q4)",
      "signal": "OPERATING LEVERAGE",
      "detail": "Rev growth +18.0% vs OpEx growth +3.6% (leverage: 5.0x)",
      "severity": "MEDIUM"
    },
    {
      "quarter": "2024-12 (Q4)",
      "signal": "OP MARGIN TURNED POSITIVE (QoQ)",
      "detail": "Op margin: -1.5% -> +0.9%",
      "severity": "HIGH"
    },
    {
      "quarter": "2024-03 (Q1)",
      "signal": "INCREMENTAL MARGIN (YoY)",
      "detail": "YoY Incr OPM: +30.6% vs year-ago OPM: +4.8%",
      "severity": "HIGH"
    },
    {
      "quarter": "2023-12 (Q4)",
      "signal": "FCF TURNED POSITIVE",
      "detail": "FCF margin: -7.3% -> +14.8%",
      "severity": "HIGH"
    },
    {
      "quarter": "2023-06 (Q2)",
      "signal": "OP MARGIN TURNED POSITIVE (YoY)",
      "detail": "Op margin: -4.0% (year-ago) -> +4.5%",
      "severity": "HIGH"
    },
    {
      "quarter": "2023-03 (Q1)",
      "signal": "GROSS MARGIN INFLECTION",
      "detail": "GM: +60.8% -> +55.7% -> +58.1% (reversal +2.3%)",
      "severity": "MEDIUM"
    },
    {
      "quarter": "2022-12 (Q4)",
      "signal": "FCF TURNED POSITIVE",
      "detail": "FCF margin: -13.1% -> +23.7%",
      "severity": "HIGH"
    },
    {
      "quarter": "2022-12 (Q4)",
      "signal": "INCREMENTAL MARGIN (YoY)",
      "detail": "YoY Incr OPM: +26.7% vs year-ago OPM: +2.6%",
      "severity": "HIGH"
    },
    {
      "quarter": "2022-09 (Q3)",
      "signal": "GROSS MARGIN INFLECTION",
      "detail": "GM: +58.2% -> +57.0% -> +60.8% (reversal +3.8%)",
      "severity": "MEDIUM"
    },
    {
      "quarter": "2022-09 (Q3)",
      "signal": "OP MARGIN TURNED POSITIVE (QoQ)",
      "detail": "Op margin: -4.0% -> +5.1%",
      "severity": "HIGH"
    },
    {
      "quarter": "2022-03 (Q1)",
      "signal": "GROSS MARGIN INFLECTION",
      "detail": "GM: +57.5% -> +53.1% -> +58.2% (reversal +5.1%)",
      "severity": "HIGH"
    },
    {
      "quarter": "2022-03 (Q1)",
      "signal": "YoY REVENUE GROWTH DECELERATION",
      "detail": "YoY growth: -4.2% vs prior quarter YoY: +7.4% (decel: -11.6%)",
      "severity": "WARNING"
    },
    {
      "quarter": "2021-12 (Q4)",
      "signal": "FCF MARGIN EXPANSION",
      "detail": "FCF margin: +2.2% -> +22.5% (+20.3%)",
      "severity": "MEDIUM"
    },
    {
      "quarter": "2021-12 (Q4)",
      "signal": "OPERATING LEVERAGE",
      "detail": "Rev growth +21.5% vs OpEx growth +6.9% (leverage: 3.1x)",
      "severity": "MEDIUM"
    },
    {
      "quarter": "2021-12 (Q4)",
      "signal": "OP MARGIN TURNED POSITIVE (YoY)",
      "detail": "Op margin: -2.1% (year-ago) -> +2.6%",
      "severity": "HIGH"
    },
    {
      "quarter": "2021-09 (Q3)",
      "signal": "FCF TURNED POSITIVE",
      "detail": "FCF margin: -27.3% -> +2.2%",
      "severity": "HIGH"
    },
    {
      "quarter": "2021-03 (Q1)",
      "signal": "OP MARGIN TURNED POSITIVE (QoQ)",
      "detail": "Op margin: -2.1% -> +4.5%",
      "severity": "HIGH"
    }
  ],
  "data_quality": {
    "n_quarters": 20,
    "coverage": {
      "revenue": [
        20,
        20
      ],
      "gross_profit": [
        20,
        20
      ],
      "op_income": [
        20,
        20
      ],
      "fcf": [
        20,
        20
      ]
    },
    "gaps": [],
    "warnings": []
  },
  "market_cap": null,
  "source": "SEC EDGAR",
  "last_updated": "2026-02-02T23:56:25.600220"
}