{
  "ticker": "TLLTF",
  "name": "TILT Holdings\u00a0Inc.",
  "quarters": [
    {
      "date": "2021-06-30T00:00:00",
      "quarter_label": "2021-06 (Q2)",
      "revenue": 48469000,
      "gross_profit": 12889000,
      "operating_income": -1534000,
      "net_income": 1034000,
      "opex": 14423000,
      "cogs": 35580000,
      "rd": null,
      "sga": null,
      "fcf": null,
      "ocf": null,
      "capex": null,
      "gross_margin": 0.26592254843301905,
      "op_margin": -0.031649095298025544,
      "fcf_margin": null
    },
    {
      "date": "2021-09-30T00:00:00",
      "quarter_label": "2021-09 (Q3)",
      "revenue": 53362000,
      "gross_profit": 12582000,
      "operating_income": -3493000,
      "net_income": 1026000,
      "opex": 16075000,
      "cogs": 40780000,
      "rd": null,
      "sga": null,
      "fcf": -7209000,
      "ocf": -6600000,
      "capex": -609000,
      "gross_margin": 0.2357857651512312,
      "op_margin": -0.06545856602076384,
      "fcf_margin": -0.13509613582699298,
      "op_leverage_ratio": 0.8813668600338989
    },
    {
      "date": "2021-12-31T00:00:00",
      "quarter_label": "2021-12 (Q4)",
      "revenue": 54057000,
      "gross_profit": 11187000,
      "operating_income": -34442000,
      "net_income": -20129000,
      "opex": 45629000,
      "cogs": 42870000,
      "rd": null,
      "sga": null,
      "fcf": -5378000,
      "ocf": -4665000,
      "capex": -713000,
      "gross_margin": 0.20694822132193796,
      "op_margin": -0.6371422757459718,
      "fcf_margin": -0.09948757792700298,
      "op_leverage_ratio": 0.007084144622201277,
      "fcf_margin_change": 0.03560855789999
    },
    {
      "date": "2022-03-31T00:00:00",
      "quarter_label": "2022-03 (Q1)",
      "revenue": 42352000,
      "gross_profit": 9353000,
      "operating_income": -7482000,
      "net_income": -11629000,
      "opex": 16835000,
      "cogs": 32999000,
      "rd": null,
      "sga": null,
      "fcf": 3712000,
      "ocf": 4203000,
      "capex": -491000,
      "gross_margin": 0.22083962976955043,
      "op_margin": -0.1766622591613147,
      "fcf_margin": 0.0876463921420476,
      "fcf_margin_change": 0.18713397006905058
    },
    {
      "date": "2022-06-30T00:00:00",
      "quarter_label": "2022-06 (Q2)",
      "revenue": 47055000,
      "gross_profit": 10945000,
      "operating_income": -13576000,
      "net_income": -7051000,
      "opex": 24521000,
      "cogs": 36110000,
      "rd": null,
      "sga": null,
      "fcf": -13928000,
      "ocf": -440000,
      "capex": -13488000,
      "gross_margin": 0.23260014876208693,
      "op_margin": -0.2885134417171395,
      "fcf_margin": -0.2959940495165232,
      "incr_op_margin_yoy": 8.516265912305517,
      "rev_growth_yoy": -0.02917328601786709,
      "op_leverage_ratio": 0.2432281269375304,
      "fcf_margin_change": -0.3836404416585708
    },
    {
      "date": "2022-09-30T00:00:00",
      "quarter_label": "2022-09 (Q3)",
      "revenue": 40487000,
      "gross_profit": 9537000,
      "operating_income": -6097000,
      "net_income": -15691000,
      "opex": 15634000,
      "cogs": 30950000,
      "rd": null,
      "sga": null,
      "fcf": 3652000,
      "ocf": 4529000,
      "capex": -877000,
      "gross_margin": 0.23555709240002964,
      "op_margin": -0.15059154790426557,
      "fcf_margin": 0.09020179316817745,
      "incr_op_margin_yoy": 0.202252427184466,
      "rev_growth_yoy": -0.24127656384693227,
      "rev_growth_yoy_accel": -0.21210327782906518,
      "fcf_margin_change": 0.38619584268470064
    },
    {
      "date": "2022-12-31T00:00:00",
      "quarter_label": "2022-12 (Q4)",
      "revenue": 44294000,
      "gross_profit": 8333000,
      "operating_income": -63707000,
      "net_income": -73084000,
      "opex": 72040000,
      "cogs": 35961000,
      "rd": null,
      "sga": null,
      "fcf": 34000,
      "ocf": 320000,
      "capex": -286000,
      "gross_margin": 0.18812931774055178,
      "op_margin": -1.4382760644782588,
      "fcf_margin": 0.0007675983203142638,
      "incr_op_margin_yoy": 2.997541739219502,
      "rev_growth_yoy": -0.18060565699169395,
      "rev_growth_yoy_accel": 0.06067090685523832,
      "op_leverage_ratio": 0.02606226063962082,
      "fcf_margin_change": -0.08943419484786318
    },
    {
      "date": "2023-03-31T00:00:00",
      "quarter_label": "2023-03 (Q1)",
      "revenue": 42264000,
      "gross_profit": 8796000,
      "operating_income": -7622000,
      "net_income": -4875000,
      "opex": 16418000,
      "cogs": 33468000,
      "rd": null,
      "sga": null,
      "fcf": 3649000,
      "ocf": 3774000,
      "capex": -125000,
      "gross_margin": 0.20812038614423622,
      "op_margin": -0.18034260836645846,
      "fcf_margin": 0.08633825477948136,
      "rev_growth_yoy": -0.00207782395164337,
      "rev_growth_yoy_accel": 0.17852783304005057,
      "fcf_margin_change": 0.08557065645916709
    },
    {
      "date": "2023-06-30T00:00:00",
      "quarter_label": "2023-06 (Q2)",
      "revenue": 41599000,
      "gross_profit": 4040000,
      "operating_income": -13951000,
      "net_income": -26895000,
      "opex": 17991000,
      "cogs": 37559000,
      "rd": null,
      "sga": null,
      "fcf": -3535000,
      "ocf": -3334000,
      "capex": -201000,
      "gross_margin": 0.09711771917594172,
      "op_margin": -0.3353686386691988,
      "fcf_margin": -0.08497800427894901,
      "incr_op_margin_yoy": 0.0687316715542522,
      "rev_growth_yoy": -0.11594942089044735,
      "rev_growth_yoy_accel": -0.11387159693880398,
      "fcf_margin_change": -0.17131625905843037
    },
    {
      "date": "2023-09-30T00:00:00",
      "quarter_label": "2023-09 (Q3)",
      "revenue": 44555000,
      "gross_profit": 7960000,
      "operating_income": -4724000,
      "net_income": -8663000,
      "opex": 12684000,
      "cogs": 36595000,
      "rd": null,
      "sga": null,
      "fcf": 926000,
      "ocf": 951000,
      "capex": -25000,
      "gross_margin": 0.1786555942094041,
      "op_margin": -0.10602625967904837,
      "fcf_margin": 0.020783301537425653,
      "incr_op_margin_yoy": 0.33751229105211406,
      "rev_growth_yoy": 0.10047669622347914,
      "rev_growth_yoy_accel": 0.2164261171139265,
      "op_leverage_ratio": Infinity,
      "fcf_margin_change": 0.10576130581637466
    },
    {
      "date": "2023-12-31T00:00:00",
      "quarter_label": "2023-12 (Q4)",
      "revenue": 37538000,
      "gross_profit": 3580000,
      "operating_income": -16855000,
      "net_income": -21951000,
      "opex": 20435000,
      "cogs": 33958000,
      "rd": null,
      "sga": null,
      "fcf": 3614000,
      "ocf": 3976000,
      "capex": -362000,
      "gross_margin": 0.0953700250412915,
      "op_margin": -0.44901166817624805,
      "fcf_margin": 0.09627577388246576,
      "incr_op_margin_yoy": -6.934872705743043,
      "rev_growth_yoy": -0.15252630153068136,
      "rev_growth_yoy_accel": -0.2530029977541605,
      "fcf_margin_change": 0.07549247234504011
    },
    {
      "date": "2024-03-31T00:00:00",
      "quarter_label": "2024-03 (Q1)",
      "revenue": 37504000,
      "gross_profit": 6717000,
      "operating_income": -5389000,
      "net_income": -9651000,
      "opex": 12106000,
      "cogs": 30787000,
      "rd": null,
      "sga": null,
      "fcf": -2660000,
      "ocf": -2439000,
      "capex": -221000,
      "gross_margin": 0.17910089590443687,
      "op_margin": -0.1436913395904437,
      "fcf_margin": -0.07092576791808873,
      "incr_op_margin_yoy": -0.46911764705882353,
      "rev_growth_yoy": -0.1126254022335794,
      "rev_growth_yoy_accel": 0.03990089929710196,
      "fcf_margin_change": -0.1672015418005545
    },
    {
      "date": "2024-06-30T00:00:00",
      "quarter_label": "2024-06 (Q2)",
      "revenue": 26581000,
      "gross_profit": 4259000,
      "operating_income": -23501000,
      "net_income": -35947000,
      "opex": 27760000,
      "cogs": 22322000,
      "rd": null,
      "sga": null,
      "fcf": 885000,
      "ocf": 741000,
      "capex": 144000,
      "gross_margin": 0.16022722997629887,
      "op_margin": -0.8841277604303827,
      "fcf_margin": 0.03329445844776344,
      "incr_op_margin_yoy": 0.6359035823678253,
      "rev_growth_yoy": -0.36101829370898336,
      "rev_growth_yoy_accel": -0.24839289147540394,
      "fcf_margin_change": 0.10422022636585218
    },
    {
      "date": "2024-09-30T00:00:00",
      "quarter_label": "2024-09 (Q3)",
      "revenue": 26967000,
      "gross_profit": 3795000,
      "operating_income": -7476000,
      "net_income": -12649000,
      "opex": 11271000,
      "cogs": 23172000,
      "rd": null,
      "sga": null,
      "fcf": 1522000,
      "ocf": 2017000,
      "capex": -495000,
      "gross_margin": 0.14072755590165759,
      "op_margin": -0.27722772277227725,
      "fcf_margin": 0.05643935180034857,
      "incr_op_margin_yoy": 0.15647032067318625,
      "rev_growth_yoy": -0.39474806419032654,
      "rev_growth_yoy_accel": -0.03372977048134318,
      "op_leverage_ratio": Infinity,
      "fcf_margin_change": 0.023144893352585127
    },
    {
      "date": "2024-12-31T00:00:00",
      "quarter_label": "2024-12 (Q4)",
      "revenue": 24562000,
      "gross_profit": 5282000,
      "operating_income": -33064000,
      "net_income": -41423000,
      "opex": 38346000,
      "cogs": 19280000,
      "rd": null,
      "sga": null,
      "fcf": -828000,
      "ocf": -508000,
      "capex": -320000,
      "gross_margin": 0.21504763455744647,
      "op_margin": -1.346144450777624,
      "fcf_margin": -0.0337106098851885,
      "incr_op_margin_yoy": 1.249152281134402,
      "rev_growth_yoy": -0.3456763812669828,
      "rev_growth_yoy_accel": 0.04907168292334374,
      "fcf_margin_change": -0.09014996168553707
    },
    {
      "date": "2025-03-31T00:00:00",
      "quarter_label": "2025-03 (Q1)",
      "revenue": 22725000,
      "gross_profit": 3392000,
      "operating_income": -6569000,
      "net_income": -13240000,
      "opex": 9961000,
      "cogs": 19333000,
      "rd": null,
      "sga": null,
      "fcf": -214000,
      "ocf": 1903000,
      "capex": -2117000,
      "gross_margin": 0.14926292629262927,
      "op_margin": -0.2890649064906491,
      "fcf_margin": -0.009416941694169416,
      "incr_op_margin_yoy": 0.07984302050206374,
      "rev_growth_yoy": -0.39406463310580203,
      "rev_growth_yoy_accel": -0.04838825183881923,
      "fcf_margin_change": 0.024293668191019087
    },
    {
      "date": "2025-06-30T00:00:00",
      "quarter_label": "2025-06 (Q2)",
      "revenue": 10486000,
      "gross_profit": 1820000,
      "operating_income": -5007000,
      "net_income": -12062000,
      "opex": 6827000,
      "cogs": 8666000,
      "rd": null,
      "sga": null,
      "fcf": 2200000,
      "ocf": 2202000,
      "capex": -2000,
      "gross_margin": 0.17356475300400534,
      "op_margin": -0.4774938012588213,
      "fcf_margin": 0.2098035475872592,
      "incr_op_margin_yoy": -1.1490525007766388,
      "rev_growth_yoy": -0.6055076934652571,
      "rev_growth_yoy_accel": -0.2114430603594551,
      "fcf_margin_change": 0.21922048928142862
    }
  ],
  "signals": [
    {
      "quarter": "2025-06 (Q2)",
      "signal": "FCF TURNED POSITIVE",
      "detail": "FCF margin: -0.9% -> +21.0%",
      "severity": "HIGH"
    },
    {
      "quarter": "2025-06 (Q2)",
      "signal": "GROSS MARGIN INFLECTION",
      "detail": "GM: +21.5% -> +14.9% -> +17.4% (reversal +2.4%)",
      "severity": "MEDIUM"
    },
    {
      "quarter": "2025-06 (Q2)",
      "signal": "YoY REVENUE GROWTH DECELERATION",
      "detail": "YoY growth: -60.6% vs prior quarter YoY: -39.4% (decel: -21.1%)",
      "severity": "WARNING"
    },
    {
      "quarter": "2024-12 (Q4)",
      "signal": "GROSS MARGIN INFLECTION",
      "detail": "GM: +16.0% -> +14.1% -> +21.5% (reversal +7.4%)",
      "severity": "HIGH"
    },
    {
      "quarter": "2024-06 (Q2)",
      "signal": "FCF TURNED POSITIVE",
      "detail": "FCF margin: -7.1% -> +3.3%",
      "severity": "HIGH"
    },
    {
      "quarter": "2024-06 (Q2)",
      "signal": "YoY REVENUE GROWTH DECELERATION",
      "detail": "YoY growth: -36.1% vs prior quarter YoY: -11.3% (decel: -24.8%)",
      "severity": "WARNING"
    },
    {
      "quarter": "2024-03 (Q1)",
      "signal": "GROSS MARGIN INFLECTION",
      "detail": "GM: +17.9% -> +9.5% -> +17.9% (reversal +8.4%)",
      "severity": "HIGH"
    },
    {
      "quarter": "2023-12 (Q4)",
      "signal": "FCF MARGIN EXPANSION",
      "detail": "FCF margin: +2.1% -> +9.6% (+7.5%)",
      "severity": "MEDIUM"
    },
    {
      "quarter": "2023-12 (Q4)",
      "signal": "YoY REVENUE GROWTH DECELERATION",
      "detail": "YoY growth: -15.3% vs prior quarter YoY: +10.0% (decel: -25.3%)",
      "severity": "WARNING"
    },
    {
      "quarter": "2023-09 (Q3)",
      "signal": "FCF TURNED POSITIVE",
      "detail": "FCF margin: -8.5% -> +2.1%",
      "severity": "HIGH"
    },
    {
      "quarter": "2023-09 (Q3)",
      "signal": "GROSS MARGIN INFLECTION",
      "detail": "GM: +20.8% -> +9.7% -> +17.9% (reversal +8.2%)",
      "severity": "HIGH"
    },
    {
      "quarter": "2023-09 (Q3)",
      "signal": "YoY REVENUE GROWTH ACCELERATION",
      "detail": "YoY growth: +10.0% vs prior quarter YoY: -11.6% (accel: +21.6%)",
      "severity": "HIGH"
    },
    {
      "quarter": "2023-06 (Q2)",
      "signal": "YoY REVENUE GROWTH DECELERATION",
      "detail": "YoY growth: -11.6% vs prior quarter YoY: -0.2% (decel: -11.4%)",
      "severity": "WARNING"
    },
    {
      "quarter": "2023-03 (Q1)",
      "signal": "FCF MARGIN EXPANSION",
      "detail": "FCF margin: +0.1% -> +8.6% (+8.6%)",
      "severity": "MEDIUM"
    },
    {
      "quarter": "2023-03 (Q1)",
      "signal": "YoY REVENUE GROWTH ACCELERATION",
      "detail": "YoY growth: -0.2% vs prior quarter YoY: -18.1% (accel: +17.9%)",
      "severity": "HIGH"
    },
    {
      "quarter": "2022-12 (Q4)",
      "signal": "YoY REVENUE GROWTH ACCELERATION",
      "detail": "YoY growth: -18.1% vs prior quarter YoY: -24.1% (accel: +6.1%)",
      "severity": "MEDIUM"
    },
    {
      "quarter": "2022-09 (Q3)",
      "signal": "FCF TURNED POSITIVE",
      "detail": "FCF margin: -29.6% -> +9.0%",
      "severity": "HIGH"
    },
    {
      "quarter": "2022-09 (Q3)",
      "signal": "YoY REVENUE GROWTH DECELERATION",
      "detail": "YoY growth: -24.1% vs prior quarter YoY: -2.9% (decel: -21.2%)",
      "severity": "WARNING"
    },
    {
      "quarter": "2022-03 (Q1)",
      "signal": "FCF TURNED POSITIVE",
      "detail": "FCF margin: -9.9% -> +8.8%",
      "severity": "HIGH"
    }
  ],
  "data_quality": {
    "n_quarters": 17,
    "coverage": {
      "revenue": [
        17,
        17
      ],
      "gross_profit": [
        17,
        17
      ],
      "op_income": [
        17,
        17
      ],
      "fcf": [
        16,
        17
      ]
    },
    "gaps": [],
    "warnings": []
  },
  "market_cap": null,
  "source": "SEC EDGAR",
  "last_updated": "2026-02-03T00:37:32.504412"
}