{
  "ticker": "TLN",
  "name": "Talen Energy Corporation",
  "quarters": [
    {
      "date": "2023-09-30T00:00:00",
      "quarter_label": "2023-09 (Q3)",
      "revenue": 516000000,
      "gross_profit": null,
      "operating_income": 7000000,
      "net_income": null,
      "opex": null,
      "cogs": null,
      "rd": 5000000,
      "sga": null,
      "fcf": null,
      "ocf": null,
      "capex": null,
      "gross_margin": null,
      "op_margin": 0.013565891472868217,
      "fcf_margin": null
    },
    {
      "date": "2024-03-31T00:00:00",
      "quarter_label": "2024-03 (Q1)",
      "revenue": 509000000,
      "gross_profit": null,
      "operating_income": 25000000,
      "net_income": 294000000,
      "opex": null,
      "cogs": null,
      "rd": null,
      "sga": null,
      "fcf": 148000000,
      "ocf": 173000000,
      "capex": -25000000,
      "gross_margin": null,
      "op_margin": 0.04911591355599214,
      "fcf_margin": 0.2907662082514735
    },
    {
      "date": "2024-06-30T00:00:00",
      "quarter_label": "2024-06 (Q2)",
      "revenue": 489000000,
      "gross_profit": null,
      "operating_income": 27000000,
      "net_income": 454000000,
      "opex": null,
      "cogs": null,
      "rd": 0,
      "sga": null,
      "fcf": -43000000,
      "ocf": -23000000,
      "capex": -20000000,
      "gross_margin": null,
      "op_margin": 0.05521472392638037,
      "fcf_margin": -0.08793456032719836,
      "fcf_margin_change": -0.37870076857867185
    },
    {
      "date": "2024-09-30T00:00:00",
      "quarter_label": "2024-09 (Q3)",
      "revenue": 650000000,
      "gross_profit": null,
      "operating_income": 158000000,
      "net_income": 168000000,
      "opex": null,
      "cogs": null,
      "rd": 1000000,
      "sga": null,
      "fcf": 83000000,
      "ocf": 96000000,
      "capex": -13000000,
      "gross_margin": null,
      "op_margin": 0.24307692307692308,
      "fcf_margin": 0.1276923076923077,
      "incr_op_margin_yoy": 1.126865671641791,
      "rev_growth_yoy": 0.2596899224806202,
      "fcf_margin_change": 0.21562686801950603
    },
    {
      "date": "2024-12-31T00:00:00",
      "quarter_label": "2024-12 (Q4)",
      "revenue": 467000000,
      "gross_profit": null,
      "operating_income": 16000000,
      "net_income": null,
      "opex": null,
      "cogs": null,
      "rd": null,
      "sga": null,
      "fcf": -17000000,
      "ocf": 10000000,
      "capex": -27000000,
      "gross_margin": null,
      "op_margin": 0.034261241970021415,
      "fcf_margin": -0.03640256959314775,
      "fcf_margin_change": -0.16409487728545544
    },
    {
      "date": "2025-03-31T00:00:00",
      "quarter_label": "2025-03 (Q1)",
      "revenue": 390000000,
      "gross_profit": null,
      "operating_income": -106000000,
      "net_income": -135000000,
      "opex": null,
      "cogs": null,
      "rd": null,
      "sga": null,
      "fcf": 101000000,
      "ocf": 119000000,
      "capex": -18000000,
      "gross_margin": null,
      "op_margin": -0.2717948717948718,
      "fcf_margin": 0.258974358974359,
      "incr_op_margin_yoy": 1.1008403361344539,
      "rev_growth_yoy": -0.2337917485265226,
      "fcf_margin_change": 0.29537692856750675
    },
    {
      "date": "2025-06-30T00:00:00",
      "quarter_label": "2025-06 (Q2)",
      "revenue": 630000000,
      "gross_profit": null,
      "operating_income": 66000000,
      "net_income": 72000000,
      "opex": null,
      "cogs": null,
      "rd": null,
      "sga": null,
      "fcf": -217000000,
      "ocf": -184000000,
      "capex": -33000000,
      "gross_margin": null,
      "op_margin": 0.10476190476190476,
      "fcf_margin": -0.34444444444444444,
      "incr_op_margin_yoy": 0.2765957446808511,
      "rev_growth_yoy": 0.2883435582822086,
      "rev_growth_yoy_accel": 0.5221353068087312,
      "fcf_margin_change": -0.6034188034188035
    },
    {
      "date": "2025-09-30T00:00:00",
      "quarter_label": "2025-09 (Q3)",
      "revenue": 812000000,
      "gross_profit": null,
      "operating_income": 263000000,
      "net_income": 207000000,
      "opex": null,
      "cogs": null,
      "rd": null,
      "sga": null,
      "fcf": 468000000,
      "ocf": 489000000,
      "capex": -21000000,
      "gross_margin": null,
      "op_margin": 0.32389162561576357,
      "fcf_margin": 0.5763546798029556,
      "incr_op_margin_yoy": 0.6481481481481481,
      "rev_growth_yoy": 0.24923076923076923,
      "rev_growth_yoy_accel": -0.03911278905143936,
      "fcf_margin_change": 0.9207991242474001
    }
  ],
  "signals": [
    {
      "quarter": "2025-09 (Q3)",
      "signal": "FCF TURNED POSITIVE",
      "detail": "FCF margin: -34.4% -> +57.6%",
      "severity": "HIGH"
    },
    {
      "quarter": "2025-09 (Q3)",
      "signal": "INCREMENTAL MARGIN (YoY)",
      "detail": "YoY Incr OPM: +64.8% vs year-ago OPM: +24.3%",
      "severity": "HIGH"
    },
    {
      "quarter": "2025-06 (Q2)",
      "signal": "YoY REVENUE GROWTH ACCELERATION",
      "detail": "YoY growth: +28.8% vs prior quarter YoY: -23.4% (accel: +52.2%)",
      "severity": "HIGH"
    },
    {
      "quarter": "2025-06 (Q2)",
      "signal": "INCREMENTAL MARGIN (YoY)",
      "detail": "YoY Incr OPM: +27.7% vs year-ago OPM: +5.5%",
      "severity": "HIGH"
    },
    {
      "quarter": "2025-06 (Q2)",
      "signal": "OP MARGIN TURNED POSITIVE (QoQ)",
      "detail": "Op margin: -27.2% -> +10.5%",
      "severity": "HIGH"
    },
    {
      "quarter": "2025-03 (Q1)",
      "signal": "FCF TURNED POSITIVE",
      "detail": "FCF margin: -3.6% -> +25.9%",
      "severity": "HIGH"
    },
    {
      "quarter": "2024-09 (Q3)",
      "signal": "FCF TURNED POSITIVE",
      "detail": "FCF margin: -8.8% -> +12.8%",
      "severity": "HIGH"
    },
    {
      "quarter": "2024-09 (Q3)",
      "signal": "INCREMENTAL MARGIN (YoY)",
      "detail": "YoY Incr OPM: +112.7% vs year-ago OPM: +1.4%",
      "severity": "HIGH"
    }
  ],
  "data_quality": {
    "n_quarters": 8,
    "coverage": {
      "revenue": [
        8,
        8
      ],
      "gross_profit": [
        0,
        8
      ],
      "op_income": [
        8,
        8
      ],
      "fcf": [
        7,
        8
      ]
    },
    "gaps": [
      [
        "2023-09 (Q3)",
        "2024-03 (Q1)",
        183
      ]
    ],
    "warnings": [
      "gross_profit: no data",
      "gap: 1Q missing between 2023-09 (Q3) and 2024-03 (Q1)"
    ]
  },
  "market_cap": null,
  "source": "SEC EDGAR",
  "last_updated": "2026-02-02T20:23:28.830063"
}