{
  "ticker": "TLSS",
  "name": "Transportation and Logistics Systems, Inc.",
  "quarters": [
    {
      "date": "2018-12-31T00:00:00",
      "quarter_label": "2018-12 (Q4)",
      "revenue": 9286908,
      "gross_profit": 999101,
      "operating_income": null,
      "net_income": null,
      "opex": null,
      "cogs": 8287807,
      "rd": null,
      "sga": null,
      "fcf": null,
      "ocf": null,
      "capex": -177868,
      "gross_margin": 0.10758166227123171,
      "op_margin": null,
      "fcf_margin": null
    },
    {
      "date": "2019-03-31T00:00:00",
      "quarter_label": "2019-03 (Q1)",
      "revenue": 6934732,
      "gross_profit": 533834,
      "operating_income": null,
      "net_income": null,
      "opex": null,
      "cogs": 6400898,
      "rd": null,
      "sga": null,
      "fcf": null,
      "ocf": null,
      "capex": -51256,
      "gross_margin": 0.07697975927548462,
      "op_margin": null,
      "fcf_margin": null
    },
    {
      "date": "2019-06-30T00:00:00",
      "quarter_label": "2019-06 (Q2)",
      "revenue": 8101412,
      "gross_profit": 578439,
      "operating_income": null,
      "net_income": null,
      "opex": null,
      "cogs": 7522973,
      "rd": null,
      "sga": null,
      "fcf": null,
      "ocf": null,
      "capex": null,
      "gross_margin": 0.07139977574279643,
      "op_margin": null,
      "fcf_margin": null
    },
    {
      "date": "2019-09-30T00:00:00",
      "quarter_label": "2019-09 (Q3)",
      "revenue": 7759451,
      "gross_profit": 1465752,
      "operating_income": null,
      "net_income": null,
      "opex": null,
      "cogs": 6293699,
      "rd": null,
      "sga": null,
      "fcf": null,
      "ocf": null,
      "capex": -8000,
      "gross_margin": 0.1888989311228333,
      "op_margin": null,
      "fcf_margin": null
    },
    {
      "date": "2019-12-31T00:00:00",
      "quarter_label": "2019-12 (Q4)",
      "revenue": 9692181,
      "gross_profit": 305666,
      "operating_income": null,
      "net_income": null,
      "opex": null,
      "cogs": 9386515,
      "rd": null,
      "sga": null,
      "fcf": null,
      "ocf": null,
      "capex": 4530,
      "gross_margin": 0.03153738049258469,
      "op_margin": null,
      "fcf_margin": null,
      "rev_growth_yoy": 0.04363917463164274
    },
    {
      "date": "2020-03-31T00:00:00",
      "quarter_label": "2020-03 (Q1)",
      "revenue": 8635060,
      "gross_profit": 779311,
      "operating_income": null,
      "net_income": null,
      "opex": null,
      "cogs": 7855749,
      "rd": null,
      "sga": null,
      "fcf": null,
      "ocf": null,
      "capex": -460510,
      "gross_margin": 0.0902496334709892,
      "op_margin": null,
      "fcf_margin": null,
      "rev_growth_yoy": 0.24519015298644561,
      "rev_growth_yoy_accel": 0.20155097835480287
    },
    {
      "date": "2020-06-30T00:00:00",
      "quarter_label": "2020-06 (Q2)",
      "revenue": 8558815,
      "gross_profit": 1560959,
      "operating_income": null,
      "net_income": null,
      "opex": null,
      "cogs": 6997856,
      "rd": null,
      "sga": null,
      "fcf": null,
      "ocf": null,
      "capex": null,
      "gross_margin": 0.1823802711006138,
      "op_margin": null,
      "fcf_margin": null,
      "rev_growth_yoy": 0.056459664068436465,
      "rev_growth_yoy_accel": -0.18873048891800914
    },
    {
      "date": "2020-09-30T00:00:00",
      "quarter_label": "2020-09 (Q3)",
      "revenue": 6309509,
      "gross_profit": 331244,
      "operating_income": null,
      "net_income": null,
      "opex": null,
      "cogs": 5978265,
      "rd": null,
      "sga": null,
      "fcf": null,
      "ocf": null,
      "capex": null,
      "gross_margin": 0.05249917228107607,
      "op_margin": null,
      "fcf_margin": null,
      "rev_growth_yoy": -0.18686141583985774,
      "rev_growth_yoy_accel": -0.2433210799082942
    },
    {
      "date": "2020-12-31T00:00:00",
      "quarter_label": "2020-12 (Q4)",
      "revenue": 2323248,
      "gross_profit": -129122,
      "operating_income": -4295720,
      "net_income": -7275585,
      "opex": 4166598,
      "cogs": 2452370,
      "rd": null,
      "sga": null,
      "fcf": -908997,
      "ocf": -908997,
      "capex": null,
      "gross_margin": -0.055578224967803694,
      "op_margin": -1.8490148275173377,
      "fcf_margin": -0.39126128592384457,
      "rev_growth_yoy": -0.7602966762589349,
      "rev_growth_yoy_accel": -0.5734352604190772
    },
    {
      "date": "2021-03-31T00:00:00",
      "quarter_label": "2021-03 (Q1)",
      "revenue": 1491699,
      "gross_profit": -407079,
      "operating_income": -1636384,
      "net_income": -2269180,
      "opex": 1229305,
      "cogs": 1898778,
      "rd": null,
      "sga": null,
      "fcf": -1006332,
      "ocf": -1006332,
      "capex": null,
      "gross_margin": -0.27289620761292993,
      "op_margin": -1.0969934282988727,
      "fcf_margin": -0.6746213545762249,
      "rev_growth_yoy": -0.8272508818699581,
      "rev_growth_yoy_accel": -0.06695420561102317,
      "fcf_margin_change": -0.2833600686523803
    },
    {
      "date": "2021-06-30T00:00:00",
      "quarter_label": "2021-06 (Q2)",
      "revenue": 1574494,
      "gross_profit": 228956,
      "operating_income": -1719419,
      "net_income": 3682857,
      "opex": 1948375,
      "cogs": 1345538,
      "rd": null,
      "sga": null,
      "fcf": -913102,
      "ocf": -913102,
      "capex": null,
      "gross_margin": 0.14541560653771943,
      "op_margin": -1.0920454444411982,
      "fcf_margin": -0.5799336167683078,
      "rev_growth_yoy": -0.8160383183887022,
      "rev_growth_yoy_accel": 0.011212563481255877,
      "op_leverage_ratio": 0.09488802117553594,
      "fcf_margin_change": 0.09468773780791706
    },
    {
      "date": "2021-09-30T00:00:00",
      "quarter_label": "2021-09 (Q3)",
      "revenue": 1207305,
      "gross_profit": 29192,
      "operating_income": -1895533,
      "net_income": 6254930,
      "opex": 1924725,
      "cogs": 1178113,
      "rd": null,
      "sga": null,
      "fcf": -944049,
      "ocf": -944049,
      "capex": null,
      "gross_margin": 0.024179474117973502,
      "op_margin": -1.570053134874783,
      "fcf_margin": -0.7819473952315281,
      "rev_growth_yoy": -0.8086530980461396,
      "rev_growth_yoy_accel": 0.007385220342562615,
      "fcf_margin_change": -0.20201377846322033
    },
    {
      "date": "2021-12-31T00:00:00",
      "quarter_label": "2021-12 (Q4)",
      "revenue": 1221648,
      "gross_profit": 235934,
      "operating_income": -1193688,
      "net_income": -1413817,
      "opex": 1429622,
      "cogs": 985714,
      "rd": null,
      "sga": null,
      "fcf": -1222204,
      "ocf": -1222204,
      "capex": null,
      "gross_margin": 0.19312764396945764,
      "op_margin": -0.977112883580213,
      "fcf_margin": -1.00045512291593,
      "incr_op_margin_yoy": -2.815933188090051,
      "rev_growth_yoy": -0.4741637569471705,
      "rev_growth_yoy_accel": 0.3344893410989691,
      "op_leverage_ratio": Infinity,
      "fcf_margin_change": -0.21850772768440185
    },
    {
      "date": "2022-03-31T00:00:00",
      "quarter_label": "2022-03 (Q1)",
      "revenue": 1259333,
      "gross_profit": 288331,
      "operating_income": -1800853,
      "net_income": -2037231,
      "opex": 2089184,
      "cogs": 971002,
      "rd": null,
      "sga": null,
      "fcf": -809884,
      "ocf": -809884,
      "capex": null,
      "gross_margin": 0.2289553279394727,
      "op_margin": -1.4300054076245123,
      "fcf_margin": -0.6431055169681094,
      "rev_growth_yoy": -0.15577271285963187,
      "rev_growth_yoy_accel": 0.3183910440875386,
      "op_leverage_ratio": 0.06686333397119504,
      "fcf_margin_change": 0.3573496059478206
    },
    {
      "date": "2022-06-30T00:00:00",
      "quarter_label": "2022-06 (Q2)",
      "revenue": 1404560,
      "gross_profit": 391010,
      "operating_income": -1004460,
      "net_income": -708966,
      "opex": 1395470,
      "cogs": 1013550,
      "rd": null,
      "sga": null,
      "fcf": -1008720,
      "ocf": -1008720,
      "capex": null,
      "gross_margin": 0.2783861138007632,
      "op_margin": -0.715142108560688,
      "fcf_margin": -0.7181750868599419,
      "rev_growth_yoy": -0.10792927759648496,
      "rev_growth_yoy_accel": 0.04784343526314691,
      "op_leverage_ratio": Infinity,
      "fcf_margin_change": -0.07506956989183255
    },
    {
      "date": "2022-09-30T00:00:00",
      "quarter_label": "2022-09 (Q3)",
      "revenue": 1700854,
      "gross_profit": 464224,
      "operating_income": -1016279,
      "net_income": -1043778,
      "opex": 1480503,
      "cogs": 1236630,
      "rd": null,
      "sga": null,
      "fcf": -1021073,
      "ocf": -1021073,
      "capex": null,
      "gross_margin": 0.27293583105898567,
      "op_margin": -0.5975110150547901,
      "fcf_margin": -0.6003295991307895,
      "rev_growth_yoy": 0.408802249638658,
      "rev_growth_yoy_accel": 0.5167315272351429,
      "op_leverage_ratio": 3.461908331075745,
      "fcf_margin_change": 0.11784548772915238
    },
    {
      "date": "2022-12-31T00:00:00",
      "quarter_label": "2022-12 (Q4)",
      "revenue": 3379730,
      "gross_profit": 1384073,
      "operating_income": -4216272,
      "net_income": -4286091,
      "opex": 5600345,
      "cogs": 1995657,
      "rd": null,
      "sga": null,
      "fcf": -608013,
      "ocf": -582682,
      "capex": -25331,
      "gross_margin": 0.409521766531646,
      "op_margin": -1.247517405236513,
      "fcf_margin": -0.17989987365854668,
      "incr_op_margin_yoy": -1.4005881148167678,
      "rev_growth_yoy": 1.7665334040574698,
      "rev_growth_yoy_accel": 1.3577311544188118,
      "op_leverage_ratio": 0.35471562239913845,
      "fcf_margin_change": 0.4204297254722429
    },
    {
      "date": "2023-03-31T00:00:00",
      "quarter_label": "2023-03 (Q1)",
      "revenue": 5594896,
      "gross_profit": 1968543,
      "operating_income": -1506943,
      "net_income": -1645916,
      "opex": 3475486,
      "cogs": 3626353,
      "rd": null,
      "sga": null,
      "fcf": -911242,
      "ocf": -704254,
      "capex": -206988,
      "gross_margin": 0.3518462184104941,
      "op_margin": -0.26934245069077245,
      "fcf_margin": -0.1628702302956123,
      "incr_op_margin_yoy": 0.06779050379385561,
      "rev_growth_yoy": 3.442745485109975,
      "rev_growth_yoy_accel": 1.676212081052505,
      "op_leverage_ratio": Infinity,
      "fcf_margin_change": 0.017029643362934388
    },
    {
      "date": "2023-06-30T00:00:00",
      "quarter_label": "2023-06 (Q2)",
      "revenue": 5061871,
      "gross_profit": 1302597,
      "operating_income": -2255464,
      "net_income": -2478791,
      "opex": 3558061,
      "cogs": 3759274,
      "rd": null,
      "sga": null,
      "fcf": -731528,
      "ocf": -627120,
      "capex": -104408,
      "gross_margin": 0.25733508420107903,
      "op_margin": -0.4455791149162039,
      "fcf_margin": -0.14451731385489675,
      "incr_op_margin_yoy": -0.34205567970566353,
      "rev_growth_yoy": 2.603883778549866,
      "rev_growth_yoy_accel": -0.8388617065601087,
      "fcf_margin_change": 0.018352916440715544
    },
    {
      "date": "2023-09-30T00:00:00",
      "quarter_label": "2023-09 (Q3)",
      "revenue": 4947684,
      "gross_profit": null,
      "operating_income": -2327220,
      "net_income": -2667995,
      "opex": 7274904,
      "cogs": null,
      "rd": null,
      "sga": null,
      "fcf": -1164915,
      "ocf": -796432,
      "capex": -368483,
      "gross_margin": null,
      "op_margin": -0.47036552859883535,
      "fcf_margin": -0.23544652407065608,
      "incr_op_margin_yoy": -0.40376028310690737,
      "rev_growth_yoy": 1.908941037855101,
      "rev_growth_yoy_accel": -0.694942740694765,
      "fcf_margin_change": -0.09092921021575934
    }
  ],
  "signals": [
    {
      "quarter": "2023-09 (Q3)",
      "signal": "YoY REVENUE GROWTH DECELERATION",
      "detail": "YoY growth: +190.9% vs prior quarter YoY: +260.4% (decel: -69.5%)",
      "severity": "WARNING"
    },
    {
      "quarter": "2023-06 (Q2)",
      "signal": "YoY REVENUE GROWTH DECELERATION",
      "detail": "YoY growth: +260.4% vs prior quarter YoY: +344.3% (decel: -83.9%)",
      "severity": "WARNING"
    },
    {
      "quarter": "2023-03 (Q1)",
      "signal": "YoY REVENUE GROWTH ACCELERATION",
      "detail": "YoY growth: +344.3% vs prior quarter YoY: +176.7% (accel: +167.6%)",
      "severity": "HIGH"
    },
    {
      "quarter": "2022-12 (Q4)",
      "signal": "FCF MARGIN EXPANSION",
      "detail": "FCF margin: -60.0% -> -18.0% (+42.0%)",
      "severity": "MEDIUM"
    },
    {
      "quarter": "2022-12 (Q4)",
      "signal": "GROSS MARGIN INFLECTION",
      "detail": "GM: +27.8% -> +27.3% -> +41.0% (reversal +13.7%)",
      "severity": "HIGH"
    },
    {
      "quarter": "2022-12 (Q4)",
      "signal": "YoY REVENUE GROWTH ACCELERATION",
      "detail": "YoY growth: +176.7% vs prior quarter YoY: +40.9% (accel: +135.8%)",
      "severity": "HIGH"
    },
    {
      "quarter": "2022-09 (Q3)",
      "signal": "FCF MARGIN EXPANSION",
      "detail": "FCF margin: -71.8% -> -60.0% (+11.8%)",
      "severity": "MEDIUM"
    },
    {
      "quarter": "2022-09 (Q3)",
      "signal": "OPERATING LEVERAGE",
      "detail": "Rev growth +21.1% vs OpEx growth +6.1% (leverage: 3.5x)",
      "severity": "MEDIUM"
    },
    {
      "quarter": "2022-09 (Q3)",
      "signal": "YoY REVENUE GROWTH ACCELERATION",
      "detail": "YoY growth: +40.9% vs prior quarter YoY: -10.8% (accel: +51.7%)",
      "severity": "HIGH"
    },
    {
      "quarter": "2022-03 (Q1)",
      "signal": "FCF MARGIN EXPANSION",
      "detail": "FCF margin: -100.0% -> -64.3% (+35.7%)",
      "severity": "MEDIUM"
    },
    {
      "quarter": "2022-03 (Q1)",
      "signal": "YoY REVENUE GROWTH ACCELERATION",
      "detail": "YoY growth: -15.6% vs prior quarter YoY: -47.4% (accel: +31.8%)",
      "severity": "HIGH"
    },
    {
      "quarter": "2021-12 (Q4)",
      "signal": "GROSS MARGIN INFLECTION",
      "detail": "GM: +14.5% -> +2.4% -> +19.3% (reversal +16.9%)",
      "severity": "HIGH"
    },
    {
      "quarter": "2021-12 (Q4)",
      "signal": "YoY REVENUE GROWTH ACCELERATION",
      "detail": "YoY growth: -47.4% vs prior quarter YoY: -80.9% (accel: +33.4%)",
      "severity": "HIGH"
    },
    {
      "quarter": "2021-06 (Q2)",
      "signal": "FCF MARGIN EXPANSION",
      "detail": "FCF margin: -67.5% -> -58.0% (+9.5%)",
      "severity": "MEDIUM"
    },
    {
      "quarter": "2021-06 (Q2)",
      "signal": "GROSS MARGIN INFLECTION",
      "detail": "GM: -5.6% -> -27.3% -> +14.5% (reversal +41.8%)",
      "severity": "HIGH"
    },
    {
      "quarter": "2021-03 (Q1)",
      "signal": "YoY REVENUE GROWTH DECELERATION",
      "detail": "YoY growth: -82.7% vs prior quarter YoY: -76.0% (decel: -6.7%)",
      "severity": "WARNING"
    },
    {
      "quarter": "2020-12 (Q4)",
      "signal": "YoY REVENUE GROWTH DECELERATION",
      "detail": "YoY growth: -76.0% vs prior quarter YoY: -18.7% (decel: -57.3%)",
      "severity": "WARNING"
    },
    {
      "quarter": "2020-09 (Q3)",
      "signal": "YoY REVENUE GROWTH DECELERATION",
      "detail": "YoY growth: -18.7% vs prior quarter YoY: +5.6% (decel: -24.3%)",
      "severity": "WARNING"
    },
    {
      "quarter": "2020-06 (Q2)",
      "signal": "YoY REVENUE GROWTH DECELERATION",
      "detail": "YoY growth: +5.6% vs prior quarter YoY: +24.5% (decel: -18.9%)",
      "severity": "WARNING"
    },
    {
      "quarter": "2020-03 (Q1)",
      "signal": "GROSS MARGIN INFLECTION",
      "detail": "GM: +18.9% -> +3.2% -> +9.0% (reversal +5.9%)",
      "severity": "HIGH"
    },
    {
      "quarter": "2020-03 (Q1)",
      "signal": "YoY REVENUE GROWTH ACCELERATION",
      "detail": "YoY growth: +24.5% vs prior quarter YoY: +4.4% (accel: +20.2%)",
      "severity": "HIGH"
    },
    {
      "quarter": "2019-09 (Q3)",
      "signal": "GROSS MARGIN INFLECTION",
      "detail": "GM: +7.7% -> +7.1% -> +18.9% (reversal +11.7%)",
      "severity": "HIGH"
    }
  ],
  "data_quality": {
    "n_quarters": 20,
    "coverage": {
      "revenue": [
        20,
        20
      ],
      "gross_profit": [
        19,
        20
      ],
      "op_income": [
        12,
        20
      ],
      "fcf": [
        12,
        20
      ]
    },
    "gaps": [],
    "warnings": [
      "op_income: 12/20Q",
      "fcf: 12/20Q"
    ]
  },
  "market_cap": null,
  "source": "SEC EDGAR",
  "last_updated": "2026-02-03T00:34:23.927893"
}