{
  "ticker": "TMHC",
  "name": "TAYLOR MORRISON HOME CORP",
  "sector": "Consumer Cyclical",
  "industry": "Residential Construction",
  "quarters": [
    {
      "date": "2021-03-31T00:00:00",
      "quarter_label": "2021-03 (Q1)",
      "revenue": 1417812000,
      "gross_profit": 274441000,
      "operating_income": null,
      "net_income": 98021000,
      "opex": null,
      "cogs": 1143371000,
      "rd": null,
      "sga": 147505000,
      "fcf": -152132000,
      "ocf": -144308000,
      "capex": -7824000,
      "gross_margin": 0.19356656594809468,
      "op_margin": null,
      "fcf_margin": -0.10730054478308831
    },
    {
      "date": "2021-06-30T00:00:00",
      "quarter_label": "2021-06 (Q2)",
      "revenue": 1719280000,
      "gross_profit": 328703000,
      "operating_income": null,
      "net_income": 124147000,
      "opex": null,
      "cogs": 1390577000,
      "rd": null,
      "sga": 167557000,
      "fcf": 34015000,
      "ocf": 46714000,
      "capex": -12699000,
      "gross_margin": 0.19118642687636686,
      "op_margin": null,
      "fcf_margin": 0.01978444465124936,
      "fcf_margin_change": 0.1270849894343377
    },
    {
      "date": "2021-09-30T00:00:00",
      "quarter_label": "2021-09 (Q3)",
      "revenue": 1858751000,
      "gross_profit": 392450000,
      "operating_income": null,
      "net_income": 168134000,
      "opex": null,
      "cogs": 1466301000,
      "rd": null,
      "sga": 167610000,
      "fcf": -1126000,
      "ocf": -5951000,
      "capex": 4825000,
      "gross_margin": 0.2111364028855936,
      "op_margin": null,
      "fcf_margin": -0.0006057831307151953,
      "fcf_margin_change": -0.020390227781964556
    },
    {
      "date": "2021-12-31T00:00:00",
      "quarter_label": "2021-12 (Q4)",
      "revenue": 2505422000,
      "gross_profit": 552287000,
      "operating_income": null,
      "net_income": 272724000,
      "opex": null,
      "cogs": 1953135000,
      "rd": null,
      "sga": 185670000,
      "fcf": 474690000,
      "ocf": 480191000,
      "capex": -5501000,
      "gross_margin": 0.22043671684849897,
      "op_margin": null,
      "fcf_margin": 0.18946508811689208,
      "fcf_margin_change": 0.19007087124760727
    },
    {
      "date": "2022-03-31T00:00:00",
      "quarter_label": "2022-03 (Q1)",
      "revenue": 1703124000,
      "gross_profit": 393128000,
      "operating_income": null,
      "net_income": 176703000,
      "opex": null,
      "cogs": 1309996000,
      "rd": null,
      "sga": 157265000,
      "fcf": 52072000,
      "ocf": 57461000,
      "capex": -5389000,
      "gross_margin": 0.23082758507307746,
      "op_margin": null,
      "fcf_margin": 0.030574403273044122,
      "rev_growth_yoy": 0.20123401410060007,
      "fcf_margin_change": -0.15889068484384797
    },
    {
      "date": "2022-06-30T00:00:00",
      "quarter_label": "2022-06 (Q2)",
      "revenue": 1995023000,
      "gross_profit": 541480000,
      "operating_income": null,
      "net_income": 290987000,
      "opex": null,
      "cogs": 1453543000,
      "rd": null,
      "sga": 165542000,
      "fcf": 130617000,
      "ocf": 138029000,
      "capex": -7412000,
      "gross_margin": 0.2714154172658661,
      "op_margin": null,
      "fcf_margin": 0.06547142564271188,
      "rev_growth_yoy": 0.1603828346749802,
      "rev_growth_yoy_accel": -0.04085117942561986,
      "fcf_margin_change": 0.03489702236966776
    },
    {
      "date": "2022-09-30T00:00:00",
      "quarter_label": "2022-09 (Q3)",
      "revenue": 2034644000,
      "gross_profit": 557940000,
      "operating_income": null,
      "net_income": 309779000,
      "opex": null,
      "cogs": 1476704000,
      "rd": null,
      "sga": 147049000,
      "fcf": 254820000,
      "ocf": 264497000,
      "capex": -9677000,
      "gross_margin": 0.2742199618213309,
      "op_margin": null,
      "fcf_margin": 0.12524058262772259,
      "rev_growth_yoy": 0.09462967336668549,
      "rev_growth_yoy_accel": -0.06575316130829473,
      "fcf_margin_change": 0.0597691569850107
    },
    {
      "date": "2022-12-31T00:00:00",
      "quarter_label": "2022-12 (Q4)",
      "revenue": 2492126000,
      "gross_profit": 599818000,
      "operating_income": null,
      "net_income": 275331000,
      "opex": null,
      "cogs": 1892308000,
      "rd": null,
      "sga": 173357000,
      "fcf": 639682000,
      "ocf": 647785000,
      "capex": -8103000,
      "gross_margin": 0.24068526230214685,
      "op_margin": null,
      "fcf_margin": 0.25668124324372044,
      "rev_growth_yoy": -0.005306890416065637,
      "rev_growth_yoy_accel": -0.09993656378275112,
      "fcf_margin_change": 0.13144066061599785
    },
    {
      "date": "2023-03-31T00:00:00",
      "quarter_label": "2023-03 (Q1)",
      "revenue": 1661857000,
      "gross_profit": 399566000,
      "operating_income": null,
      "net_income": 191051000,
      "opex": null,
      "cogs": 1262291000,
      "rd": null,
      "sga": 159021000,
      "fcf": 333642000,
      "ocf": 347449000,
      "capex": -13807000,
      "gross_margin": 0.24043344282931683,
      "op_margin": null,
      "fcf_margin": 0.20076456638567577,
      "rev_growth_yoy": -0.024230179364508983,
      "rev_growth_yoy_accel": -0.018923288948443348,
      "fcf_margin_change": -0.05591667685804466
    },
    {
      "date": "2023-06-30T00:00:00",
      "quarter_label": "2023-06 (Q2)",
      "revenue": 2060564000,
      "gross_profit": 499685000,
      "operating_income": null,
      "net_income": 234602000,
      "opex": null,
      "cogs": 1560879000,
      "rd": null,
      "sga": 183683000,
      "fcf": 252424000,
      "ocf": 259662000,
      "capex": -7238000,
      "gross_margin": 0.2424991410118783,
      "op_margin": null,
      "fcf_margin": 0.12250238284275568,
      "rev_growth_yoy": 0.03285225283117037,
      "rev_growth_yoy_accel": 0.05708243219567935,
      "fcf_margin_change": -0.0782621835429201
    },
    {
      "date": "2023-09-30T00:00:00",
      "quarter_label": "2023-09 (Q3)",
      "revenue": 1675545000,
      "gross_profit": 391718000,
      "operating_income": null,
      "net_income": 170691000,
      "opex": null,
      "cogs": 1283827000,
      "rd": null,
      "sga": 167791000,
      "fcf": -82547000,
      "ocf": -56550000,
      "capex": -25997000,
      "gross_margin": 0.23378542504080763,
      "op_margin": null,
      "fcf_margin": -0.049265761289610244,
      "rev_growth_yoy": -0.17649230037293995,
      "rev_growth_yoy_accel": -0.20934455320411033,
      "fcf_margin_change": -0.1717681441323659
    },
    {
      "date": "2023-12-31T00:00:00",
      "quarter_label": "2023-12 (Q4)",
      "revenue": 2019865000,
      "gross_profit": 492104000,
      "operating_income": null,
      "net_income": 172585000,
      "opex": null,
      "cogs": 1527761000,
      "rd": null,
      "sga": 188212000,
      "fcf": 269224000,
      "ocf": 255608000,
      "capex": 13616000,
      "gross_margin": 0.24363212392907446,
      "op_margin": null,
      "fcf_margin": 0.13328811578991664,
      "rev_growth_yoy": -0.18950125314691152,
      "rev_growth_yoy_accel": -0.013008952773971572,
      "fcf_margin_change": 0.1825538770795269
    },
    {
      "date": "2024-03-31T00:00:00",
      "quarter_label": "2024-03 (Q1)",
      "revenue": 1699752000,
      "gross_profit": 416845000,
      "operating_income": null,
      "net_income": 190270000,
      "opex": null,
      "cogs": 1282907000,
      "rd": null,
      "sga": 170164000,
      "fcf": -139848000,
      "ocf": -130737000,
      "capex": -9111000,
      "gross_margin": 0.24523871717756474,
      "op_margin": null,
      "fcf_margin": -0.08227553195995652,
      "rev_growth_yoy": 0.02280280433274343,
      "rev_growth_yoy_accel": 0.21230405747965495,
      "fcf_margin_change": -0.21556364774987316
    },
    {
      "date": "2024-06-30T00:00:00",
      "quarter_label": "2024-06 (Q2)",
      "revenue": 1991053000,
      "gross_profit": 472288000,
      "operating_income": null,
      "net_income": 199460000,
      "opex": null,
      "cogs": 1518765000,
      "rd": null,
      "sga": 196735000,
      "fcf": -241652000,
      "ocf": -233322000,
      "capex": -8330000,
      "gross_margin": 0.23720513718118,
      "op_margin": null,
      "fcf_margin": -0.12136894397085361,
      "rev_growth_yoy": -0.03373396798158174,
      "rev_growth_yoy_accel": -0.056536772314325176,
      "fcf_margin_change": -0.0390934120108971
    },
    {
      "date": "2024-09-30T00:00:00",
      "quarter_label": "2024-09 (Q3)",
      "revenue": 2120842000,
      "gross_profit": 531069000,
      "operating_income": null,
      "net_income": 251126000,
      "opex": null,
      "cogs": 1589773000,
      "rd": null,
      "sga": 199341000,
      "fcf": 127060000,
      "ocf": 135889000,
      "capex": -8829000,
      "gross_margin": 0.25040479205900296,
      "op_margin": null,
      "fcf_margin": 0.059910167754127844,
      "rev_growth_yoy": 0.2657624832517181,
      "rev_growth_yoy_accel": 0.2994964512332998,
      "fcf_margin_change": 0.18127911172498146
    },
    {
      "date": "2024-12-31T00:00:00",
      "quarter_label": "2024-12 (Q4)",
      "revenue": 2356489000,
      "gross_profit": 564010000,
      "operating_income": null,
      "net_income": 242453000,
      "opex": null,
      "cogs": 1792479000,
      "rd": null,
      "sga": null,
      "fcf": 428189000,
      "ocf": 438249000,
      "capex": -10060000,
      "gross_margin": 0.23934336209504903,
      "op_margin": null,
      "fcf_margin": 0.18170634363241245,
      "rev_growth_yoy": 0.16665668250105825,
      "rev_growth_yoy_accel": -0.09910580075065983,
      "fcf_margin_change": 0.1217961758782846
    },
    {
      "date": "2025-03-31T00:00:00",
      "quarter_label": "2025-03 (Q1)",
      "revenue": 1896019000,
      "gross_profit": 463274000,
      "operating_income": null,
      "net_income": 213466000,
      "opex": null,
      "cogs": 1432745000,
      "rd": null,
      "sga": null,
      "fcf": 68718000,
      "ocf": 77231000,
      "capex": -8513000,
      "gross_margin": 0.24434037844557466,
      "op_margin": null,
      "fcf_margin": 0.03624330768837232,
      "rev_growth_yoy": 0.11546802121721286,
      "rev_growth_yoy_accel": -0.05118866128384539,
      "fcf_margin_change": -0.14546303594404014
    },
    {
      "date": "2025-06-30T00:00:00",
      "quarter_label": "2025-06 (Q2)",
      "revenue": 2030070000,
      "gross_profit": 467488000,
      "operating_income": null,
      "net_income": 193577000,
      "opex": null,
      "cogs": 1562582000,
      "rd": null,
      "sga": null,
      "fcf": -133637000,
      "ocf": -125957000,
      "capex": -7680000,
      "gross_margin": 0.23028171442364057,
      "op_margin": null,
      "fcf_margin": -0.0658287645253612,
      "rev_growth_yoy": 0.01959616343713603,
      "rev_growth_yoy_accel": -0.09587185778007684,
      "fcf_margin_change": -0.10207207221373352
    },
    {
      "date": "2025-09-30T00:00:00",
      "quarter_label": "2025-09 (Q3)",
      "revenue": 2095751000,
      "gross_profit": 476621000,
      "operating_income": null,
      "net_income": 201441000,
      "opex": null,
      "cogs": 1619130000,
      "rd": null,
      "sga": null,
      "fcf": 206593000,
      "ocf": 219640000,
      "capex": -13047000,
      "gross_margin": 0.22742253254322675,
      "op_margin": null,
      "fcf_margin": 0.09857707332598195,
      "rev_growth_yoy": -0.011830678570115077,
      "rev_growth_yoy_accel": -0.031426842007251106,
      "fcf_margin_change": 0.16440583785134316
    },
    {
      "date": "2025-12-31T00:00:00",
      "quarter_label": "2025-12 (Q4)",
      "revenue": 2099640000,
      "gross_profit": 462825000,
      "operating_income": null,
      "net_income": 174016000,
      "opex": null,
      "cogs": 1636815000,
      "rd": null,
      "sga": null,
      "fcf": 635299000,
      "ocf": 646431000,
      "capex": -11132000,
      "gross_margin": 0.22043064525347203,
      "op_margin": null,
      "fcf_margin": 0.30257520336819643,
      "rev_growth_yoy": -0.10899647738648473,
      "rev_growth_yoy_accel": -0.09716579881636965,
      "fcf_margin_change": 0.20399813004221448
    }
  ],
  "signals": [
    {
      "quarter": "2025-12 (Q4)",
      "signal": "FCF MARGIN EXPANSION",
      "detail": "FCF margin: +9.9% -> +30.3% (+20.4%)",
      "severity": "MEDIUM"
    },
    {
      "quarter": "2025-12 (Q4)",
      "signal": "YoY REVENUE GROWTH DECELERATION",
      "detail": "YoY growth: -10.9% vs prior quarter YoY: -1.2% (decel: -9.7%)",
      "severity": "WARNING"
    },
    {
      "quarter": "2025-09 (Q3)",
      "signal": "FCF TURNED POSITIVE",
      "detail": "FCF margin: -6.6% -> +9.9%",
      "severity": "HIGH"
    },
    {
      "quarter": "2025-06 (Q2)",
      "signal": "YoY REVENUE GROWTH DECELERATION",
      "detail": "YoY growth: +2.0% vs prior quarter YoY: +11.5% (decel: -9.6%)",
      "severity": "WARNING"
    },
    {
      "quarter": "2025-03 (Q1)",
      "signal": "YoY REVENUE GROWTH DECELERATION",
      "detail": "YoY growth: +11.5% vs prior quarter YoY: +16.7% (decel: -5.1%)",
      "severity": "WARNING"
    },
    {
      "quarter": "2024-12 (Q4)",
      "signal": "FCF MARGIN EXPANSION",
      "detail": "FCF margin: +6.0% -> +18.2% (+12.2%)",
      "severity": "MEDIUM"
    },
    {
      "quarter": "2024-12 (Q4)",
      "signal": "YoY REVENUE GROWTH DECELERATION",
      "detail": "YoY growth: +16.7% vs prior quarter YoY: +26.6% (decel: -9.9%)",
      "severity": "WARNING"
    },
    {
      "quarter": "2024-09 (Q3)",
      "signal": "FCF TURNED POSITIVE",
      "detail": "FCF margin: -12.1% -> +6.0%",
      "severity": "HIGH"
    },
    {
      "quarter": "2024-09 (Q3)",
      "signal": "YoY REVENUE GROWTH ACCELERATION",
      "detail": "YoY growth: +26.6% vs prior quarter YoY: -3.4% (accel: +29.9%)",
      "severity": "HIGH"
    },
    {
      "quarter": "2024-06 (Q2)",
      "signal": "YoY REVENUE GROWTH DECELERATION",
      "detail": "YoY growth: -3.4% vs prior quarter YoY: +2.3% (decel: -5.7%)",
      "severity": "WARNING"
    },
    {
      "quarter": "2024-03 (Q1)",
      "signal": "YoY REVENUE GROWTH ACCELERATION",
      "detail": "YoY growth: +2.3% vs prior quarter YoY: -19.0% (accel: +21.2%)",
      "severity": "HIGH"
    },
    {
      "quarter": "2023-12 (Q4)",
      "signal": "FCF TURNED POSITIVE",
      "detail": "FCF margin: -4.9% -> +13.3%",
      "severity": "HIGH"
    },
    {
      "quarter": "2023-09 (Q3)",
      "signal": "YoY REVENUE GROWTH DECELERATION",
      "detail": "YoY growth: -17.6% vs prior quarter YoY: +3.3% (decel: -20.9%)",
      "severity": "WARNING"
    },
    {
      "quarter": "2023-06 (Q2)",
      "signal": "YoY REVENUE GROWTH ACCELERATION",
      "detail": "YoY growth: +3.3% vs prior quarter YoY: -2.4% (accel: +5.7%)",
      "severity": "MEDIUM"
    },
    {
      "quarter": "2022-12 (Q4)",
      "signal": "FCF MARGIN EXPANSION",
      "detail": "FCF margin: +12.5% -> +25.7% (+13.1%)",
      "severity": "MEDIUM"
    },
    {
      "quarter": "2022-12 (Q4)",
      "signal": "YoY REVENUE GROWTH DECELERATION",
      "detail": "YoY growth: -0.5% vs prior quarter YoY: +9.5% (decel: -10.0%)",
      "severity": "WARNING"
    },
    {
      "quarter": "2022-09 (Q3)",
      "signal": "FCF MARGIN EXPANSION",
      "detail": "FCF margin: +6.5% -> +12.5% (+6.0%)",
      "severity": "MEDIUM"
    },
    {
      "quarter": "2022-09 (Q3)",
      "signal": "YoY REVENUE GROWTH DECELERATION",
      "detail": "YoY growth: +9.5% vs prior quarter YoY: +16.0% (decel: -6.6%)",
      "severity": "WARNING"
    },
    {
      "quarter": "2021-12 (Q4)",
      "signal": "FCF TURNED POSITIVE",
      "detail": "FCF margin: -0.1% -> +18.9%",
      "severity": "HIGH"
    },
    {
      "quarter": "2021-06 (Q2)",
      "signal": "FCF TURNED POSITIVE",
      "detail": "FCF margin: -10.7% -> +2.0%",
      "severity": "HIGH"
    }
  ],
  "data_quality": {
    "n_quarters": 20,
    "coverage": {
      "revenue": [
        20,
        20
      ],
      "gross_profit": [
        20,
        20
      ],
      "op_income": [
        0,
        20
      ],
      "fcf": [
        20,
        20
      ]
    },
    "gaps": [],
    "warnings": [
      "op_income: no data"
    ]
  },
  "market_cap": null,
  "source": "SEC EDGAR",
  "last_updated": "2026-02-24T10:28:51.813592"
}