{
  "ticker": "TMO",
  "name": "THERMO FISHER SCIENTIFIC INC.",
  "quarters": [
    {
      "date": "2020-12-31T00:00:00",
      "quarter_label": "2020-12 (Q4)",
      "revenue": 10550000000,
      "gross_profit": null,
      "operating_income": 3071000000,
      "net_income": null,
      "opex": 7479000000,
      "cogs": null,
      "rd": 376000000,
      "sga": 2077000000,
      "fcf": 2753000000,
      "ocf": 3339000000,
      "capex": -586000000,
      "gross_margin": null,
      "op_margin": 0.2910900473933649,
      "fcf_margin": 0.2609478672985782
    },
    {
      "date": "2021-04-03T00:00:00",
      "quarter_label": "2021-04 (Q2)",
      "revenue": 9906000000,
      "gross_profit": null,
      "operating_income": 3049000000,
      "net_income": null,
      "opex": 6857000000,
      "cogs": null,
      "rd": 320000000,
      "sga": 1826000000,
      "fcf": 1350000000,
      "ocf": 1978000000,
      "capex": -628000000,
      "gross_margin": null,
      "op_margin": 0.30779325661215423,
      "fcf_margin": 0.1362810417928528,
      "fcf_margin_change": -0.12466682550572541
    },
    {
      "date": "2021-07-03T00:00:00",
      "quarter_label": "2021-07 (Q3)",
      "revenue": 9273000000,
      "gross_profit": null,
      "operating_income": 2163000000,
      "net_income": null,
      "opex": 7110000000,
      "cogs": null,
      "rd": 343000000,
      "sga": 1899000000,
      "fcf": 1687000000,
      "ocf": 2227000000,
      "capex": -540000000,
      "gross_margin": null,
      "op_margin": 0.23325784535748947,
      "fcf_margin": 0.18192602178367304,
      "fcf_margin_change": 0.045644979990820234
    },
    {
      "date": "2021-10-02T00:00:00",
      "quarter_label": "2021-10 (Q4)",
      "revenue": 9330000000,
      "gross_profit": null,
      "operating_income": 2278000000,
      "net_income": null,
      "opex": 7052000000,
      "cogs": null,
      "rd": 351000000,
      "sga": 2004000000,
      "fcf": 2126000000,
      "ocf": 2650000000,
      "capex": -524000000,
      "gross_margin": null,
      "op_margin": 0.24415862808145766,
      "fcf_margin": 0.22786709539121114,
      "fcf_margin_change": 0.0459410736075381
    },
    {
      "date": "2021-12-31T00:00:00",
      "quarter_label": "2021-12 (Q4)",
      "revenue": 10702000000,
      "gross_profit": null,
      "operating_income": 2538000000,
      "net_income": null,
      "opex": 8164000000,
      "cogs": null,
      "rd": 392000000,
      "sga": 2278000000,
      "fcf": 1626000000,
      "ocf": 2457000000,
      "capex": -831000000,
      "gross_margin": null,
      "op_margin": 0.2371519342179032,
      "fcf_margin": 0.15193421790319567,
      "incr_op_margin_yoy": -3.5065789473684212,
      "rev_growth_yoy": 0.014407582938388626,
      "op_leverage_ratio": 0.9325668725469785,
      "fcf_margin_change": -0.07593287748801547
    },
    {
      "date": "2022-04-02T00:00:00",
      "quarter_label": "2022-04 (Q2)",
      "revenue": 11818000000,
      "gross_profit": null,
      "operating_income": 2821000000,
      "net_income": null,
      "opex": 8997000000,
      "cogs": null,
      "rd": 364000000,
      "sga": 2277000000,
      "fcf": 1562000000,
      "ocf": 2202000000,
      "capex": -640000000,
      "gross_margin": null,
      "op_margin": 0.2387036723641902,
      "fcf_margin": 0.13217126417329497,
      "incr_op_margin_yoy": -0.1192468619246862,
      "rev_growth_yoy": 0.19301433474661822,
      "rev_growth_yoy_accel": 0.1786067518082296,
      "op_leverage_ratio": 1.022014935669652,
      "fcf_margin_change": -0.019762953729900695
    },
    {
      "date": "2022-07-02T00:00:00",
      "quarter_label": "2022-07 (Q3)",
      "revenue": 10970000000,
      "gross_profit": null,
      "operating_income": 2001000000,
      "net_income": null,
      "opex": 8969000000,
      "cogs": null,
      "rd": 365000000,
      "sga": 2209000000,
      "fcf": 1022000000,
      "ocf": 1528000000,
      "capex": -506000000,
      "gross_margin": null,
      "op_margin": 0.18240656335460345,
      "fcf_margin": 0.09316317228805834,
      "incr_op_margin_yoy": -0.09546258102533883,
      "rev_growth_yoy": 0.18300442143858514,
      "rev_growth_yoy_accel": -0.01000991330803308,
      "fcf_margin_change": -0.03900809188523663
    },
    {
      "date": "2022-10-01T00:00:00",
      "quarter_label": "2022-10 (Q4)",
      "revenue": 10677000000,
      "gross_profit": null,
      "operating_income": 1710000000,
      "net_income": null,
      "opex": 8967000000,
      "cogs": null,
      "rd": 351000000,
      "sga": 2208000000,
      "fcf": 1390000000,
      "ocf": 1937000000,
      "capex": -547000000,
      "gross_margin": null,
      "op_margin": 0.160157347569542,
      "fcf_margin": 0.1301863819424932,
      "incr_op_margin_yoy": -0.4216778025241277,
      "rev_growth_yoy": 0.14437299035369774,
      "rev_growth_yoy_accel": -0.038631431084887397,
      "fcf_margin_change": 0.03702320965443487
    },
    {
      "date": "2022-12-31T00:00:00",
      "quarter_label": "2022-12 (Q4)",
      "revenue": 11450000000,
      "gross_profit": null,
      "operating_income": 1861000000,
      "net_income": null,
      "opex": 9589000000,
      "cogs": null,
      "rd": 391000000,
      "sga": 2299000000,
      "fcf": 2937000000,
      "ocf": 3487000000,
      "capex": -550000000,
      "gross_margin": null,
      "op_margin": 0.16253275109170306,
      "fcf_margin": 0.2565065502183406,
      "incr_op_margin_yoy": -0.9050802139037433,
      "rev_growth_yoy": 0.06989347785460662,
      "rev_growth_yoy_accel": -0.07447951249909113,
      "op_leverage_ratio": 1.0437272834867268,
      "fcf_margin_change": 0.1263201682758474
    },
    {
      "date": "2023-04-01T00:00:00",
      "quarter_label": "2023-04 (Q2)",
      "revenue": 10710000000,
      "gross_profit": null,
      "operating_income": 1563000000,
      "net_income": null,
      "opex": 9147000000,
      "cogs": null,
      "rd": 346000000,
      "sga": 2119000000,
      "fcf": 271000000,
      "ocf": 729000000,
      "capex": -458000000,
      "gross_margin": null,
      "op_margin": 0.14593837535014006,
      "fcf_margin": 0.02530345471521942,
      "incr_op_margin_yoy": 1.135379061371841,
      "rev_growth_yoy": -0.09375528854290066,
      "rev_growth_yoy_accel": -0.16364876639750728,
      "fcf_margin_change": -0.2312030955031212
    },
    {
      "date": "2023-07-01T00:00:00",
      "quarter_label": "2023-07 (Q3)",
      "revenue": 10687000000,
      "gross_profit": null,
      "operating_income": 1578000000,
      "net_income": null,
      "opex": 9109000000,
      "cogs": null,
      "rd": 345000000,
      "sga": 2145000000,
      "fcf": 1256000000,
      "ocf": 1540000000,
      "capex": -284000000,
      "gross_margin": null,
      "op_margin": 0.14765603069149433,
      "fcf_margin": 0.11752596612707027,
      "incr_op_margin_yoy": 1.4946996466431095,
      "rev_growth_yoy": -0.02579762989972653,
      "rev_growth_yoy_accel": 0.06795765864317413,
      "fcf_margin_change": 0.09222251141185084
    },
    {
      "date": "2023-09-30T00:00:00",
      "quarter_label": "2023-09 (Q3)",
      "revenue": 10574000000,
      "gross_profit": null,
      "operating_income": 1864000000,
      "net_income": null,
      "opex": 8710000000,
      "cogs": null,
      "rd": 319000000,
      "sga": 2049000000,
      "fcf": 2082000000,
      "ocf": 2414000000,
      "capex": -332000000,
      "gross_margin": null,
      "op_margin": 0.1762814450539058,
      "fcf_margin": 0.1968980518252317,
      "incr_op_margin_yoy": -1.4951456310679612,
      "rev_growth_yoy": -0.009646904561206331,
      "rev_growth_yoy_accel": 0.016150725338520196,
      "fcf_margin_change": 0.07937208569816144
    },
    {
      "date": "2023-12-31T00:00:00",
      "quarter_label": "2023-12 (Q4)",
      "revenue": 10886000000,
      "gross_profit": null,
      "operating_income": 1854000000,
      "net_income": null,
      "opex": 9032000000,
      "cogs": null,
      "rd": 327000000,
      "sga": 2132000000,
      "fcf": 3318000000,
      "ocf": 3723000000,
      "capex": -405000000,
      "gross_margin": null,
      "op_margin": 0.17031049053830608,
      "fcf_margin": 0.3047951497336028,
      "incr_op_margin_yoy": 0.012411347517730497,
      "rev_growth_yoy": -0.04925764192139738,
      "rev_growth_yoy_accel": -0.03961073736019105,
      "op_leverage_ratio": 0.7981372333639173,
      "fcf_margin_change": 0.10789709790837107
    },
    {
      "date": "2024-03-30T00:00:00",
      "quarter_label": "2024-03 (Q1)",
      "revenue": 10345000000,
      "gross_profit": null,
      "operating_income": 1663000000,
      "net_income": null,
      "opex": 8682000000,
      "cogs": null,
      "rd": 331000000,
      "sga": 2183000000,
      "fcf": 904000000,
      "ocf": 1251000000,
      "capex": -347000000,
      "gross_margin": null,
      "op_margin": 0.16075398743354277,
      "fcf_margin": 0.0873852102464959,
      "incr_op_margin_yoy": -0.273972602739726,
      "rev_growth_yoy": -0.034080298786181136,
      "rev_growth_yoy_accel": 0.015177343135216244,
      "fcf_margin_change": -0.21740993948710688
    },
    {
      "date": "2024-06-29T00:00:00",
      "quarter_label": "2024-06 (Q2)",
      "revenue": 10541000000,
      "gross_profit": null,
      "operating_income": 1820000000,
      "net_income": 1548000000,
      "opex": 8722000000,
      "cogs": null,
      "rd": 339000000,
      "sga": 2111000000,
      "fcf": 1659000000,
      "ocf": 1960000000,
      "capex": -301000000,
      "gross_margin": null,
      "op_margin": 0.17265914049900388,
      "fcf_margin": 0.15738544730101509,
      "incr_op_margin_yoy": -1.6575342465753424,
      "rev_growth_yoy": -0.013661457845981098,
      "rev_growth_yoy_accel": 0.020418840940200036,
      "op_leverage_ratio": 4.11230546157564,
      "fcf_margin_change": 0.07000023705451919
    },
    {
      "date": "2024-09-28T00:00:00",
      "quarter_label": "2024-09 (Q3)",
      "revenue": 10598000000,
      "gross_profit": null,
      "operating_income": 1838000000,
      "net_income": 1630000000,
      "opex": 8759000000,
      "cogs": null,
      "rd": 346000000,
      "sga": 2098000000,
      "fcf": 1894000000,
      "ocf": 2166000000,
      "capex": -272000000,
      "gross_margin": null,
      "op_margin": 0.17342894885827514,
      "fcf_margin": 0.1787129647103227,
      "incr_op_margin_yoy": -1.0833333333333333,
      "rev_growth_yoy": 0.0022697181766597315,
      "rev_growth_yoy_accel": 0.01593117602264083,
      "fcf_margin_change": 0.021327517409307606
    },
    {
      "date": "2024-12-31T00:00:00",
      "quarter_label": "2024-12 (Q4)",
      "revenue": 11395000000,
      "gross_profit": null,
      "operating_income": 2016000000,
      "net_income": null,
      "opex": 9379000000,
      "cogs": null,
      "rd": 374000000,
      "sga": 2203000000,
      "fcf": 2810000000,
      "ocf": 3290000000,
      "capex": -480000000,
      "gross_margin": null,
      "op_margin": 0.17691970162351908,
      "fcf_margin": 0.24659938569548048,
      "incr_op_margin_yoy": 0.3182711198428291,
      "rev_growth_yoy": 0.04675730295792761,
      "rev_growth_yoy_accel": 0.04448758478126788,
      "op_leverage_ratio": 1.0624224595024014,
      "fcf_margin_change": 0.06788642098515779
    },
    {
      "date": "2025-03-29T00:00:00",
      "quarter_label": "2025-03 (Q1)",
      "revenue": 10364000000,
      "gross_profit": null,
      "operating_income": 1716000000,
      "net_income": null,
      "opex": 8648000000,
      "cogs": null,
      "rd": 342000000,
      "sga": 2078000000,
      "fcf": 361000000,
      "ocf": 723000000,
      "capex": -362000000,
      "gross_margin": null,
      "op_margin": 0.16557313778463914,
      "fcf_margin": 0.034832111153994594,
      "incr_op_margin_yoy": 2.789473684210526,
      "rev_growth_yoy": 0.0018366360560657321,
      "rev_growth_yoy_accel": -0.04492066690186188,
      "fcf_margin_change": -0.2117672745414859
    },
    {
      "date": "2025-06-28T00:00:00",
      "quarter_label": "2025-06 (Q2)",
      "revenue": 10855000000,
      "gross_profit": null,
      "operating_income": 1834000000,
      "net_income": 1617000000,
      "opex": 9021000000,
      "cogs": null,
      "rd": 352000000,
      "sga": 2140000000,
      "fcf": 1105000000,
      "ocf": 1399000000,
      "capex": -294000000,
      "gross_margin": null,
      "op_margin": 0.16895439889451866,
      "fcf_margin": 0.10179640718562874,
      "incr_op_margin_yoy": 0.044585987261146494,
      "rev_growth_yoy": 0.029788445119058912,
      "rev_growth_yoy_accel": 0.02795180906299318,
      "op_leverage_ratio": 1.098401043827727,
      "fcf_margin_change": 0.06696429603163415
    },
    {
      "date": "2025-09-27T00:00:00",
      "quarter_label": "2025-09 (Q3)",
      "revenue": 11122000000,
      "gross_profit": null,
      "operating_income": 1941000000,
      "net_income": 1616000000,
      "opex": 9182000000,
      "cogs": null,
      "rd": 346000000,
      "sga": 2162000000,
      "fcf": 1835000000,
      "ocf": 2239000000,
      "capex": -404000000,
      "gross_margin": null,
      "op_margin": 0.17451897140802014,
      "fcf_margin": 0.16498831145477433,
      "incr_op_margin_yoy": 0.1965648854961832,
      "rev_growth_yoy": 0.04944329118701642,
      "rev_growth_yoy_accel": 0.019654846067957504,
      "op_leverage_ratio": 1.3781936366159224,
      "fcf_margin_change": 0.06319190426914559
    }
  ],
  "signals": [
    {
      "quarter": "2025-09 (Q3)",
      "signal": "FCF MARGIN EXPANSION",
      "detail": "FCF margin: +10.2% -> +16.5% (+6.3%)",
      "severity": "MEDIUM"
    },
    {
      "quarter": "2025-06 (Q2)",
      "signal": "FCF MARGIN EXPANSION",
      "detail": "FCF margin: +3.5% -> +10.2% (+6.7%)",
      "severity": "MEDIUM"
    },
    {
      "quarter": "2025-03 (Q1)",
      "signal": "INCREMENTAL MARGIN (YoY)",
      "detail": "YoY Incr OPM: +278.9% vs year-ago OPM: +16.1%",
      "severity": "HIGH"
    },
    {
      "quarter": "2024-12 (Q4)",
      "signal": "FCF MARGIN EXPANSION",
      "detail": "FCF margin: +17.9% -> +24.7% (+6.8%)",
      "severity": "MEDIUM"
    },
    {
      "quarter": "2024-12 (Q4)",
      "signal": "INCREMENTAL MARGIN (YoY)",
      "detail": "YoY Incr OPM: +31.8% vs year-ago OPM: +17.0%",
      "severity": "MEDIUM"
    },
    {
      "quarter": "2024-06 (Q2)",
      "signal": "FCF MARGIN EXPANSION",
      "detail": "FCF margin: +8.7% -> +15.7% (+7.0%)",
      "severity": "MEDIUM"
    },
    {
      "quarter": "2024-06 (Q2)",
      "signal": "OPERATING LEVERAGE",
      "detail": "Rev growth +1.9% vs OpEx growth +0.5% (leverage: 4.1x)",
      "severity": "MEDIUM"
    },
    {
      "quarter": "2023-12 (Q4)",
      "signal": "FCF MARGIN EXPANSION",
      "detail": "FCF margin: +19.7% -> +30.5% (+10.8%)",
      "severity": "MEDIUM"
    },
    {
      "quarter": "2023-09 (Q3)",
      "signal": "FCF MARGIN EXPANSION",
      "detail": "FCF margin: +11.8% -> +19.7% (+7.9%)",
      "severity": "MEDIUM"
    },
    {
      "quarter": "2023-07 (Q3)",
      "signal": "FCF MARGIN EXPANSION",
      "detail": "FCF margin: +2.5% -> +11.8% (+9.2%)",
      "severity": "MEDIUM"
    },
    {
      "quarter": "2023-07 (Q3)",
      "signal": "YoY REVENUE GROWTH ACCELERATION",
      "detail": "YoY growth: -2.6% vs prior quarter YoY: -9.4% (accel: +6.8%)",
      "severity": "MEDIUM"
    },
    {
      "quarter": "2023-07 (Q3)",
      "signal": "INCREMENTAL MARGIN (YoY)",
      "detail": "YoY Incr OPM: +149.5% vs year-ago OPM: +18.2%",
      "severity": "HIGH"
    },
    {
      "quarter": "2023-04 (Q2)",
      "signal": "YoY REVENUE GROWTH DECELERATION",
      "detail": "YoY growth: -9.4% vs prior quarter YoY: +7.0% (decel: -16.4%)",
      "severity": "WARNING"
    },
    {
      "quarter": "2023-04 (Q2)",
      "signal": "INCREMENTAL MARGIN (YoY)",
      "detail": "YoY Incr OPM: +113.5% vs year-ago OPM: +23.9%",
      "severity": "HIGH"
    },
    {
      "quarter": "2022-12 (Q4)",
      "signal": "FCF MARGIN EXPANSION",
      "detail": "FCF margin: +13.0% -> +25.7% (+12.6%)",
      "severity": "MEDIUM"
    },
    {
      "quarter": "2022-12 (Q4)",
      "signal": "YoY REVENUE GROWTH DECELERATION",
      "detail": "YoY growth: +7.0% vs prior quarter YoY: +14.4% (decel: -7.4%)",
      "severity": "WARNING"
    },
    {
      "quarter": "2022-04 (Q2)",
      "signal": "YoY REVENUE GROWTH ACCELERATION",
      "detail": "YoY growth: +19.3% vs prior quarter YoY: +1.4% (accel: +17.9%)",
      "severity": "HIGH"
    }
  ],
  "data_quality": {
    "n_quarters": 20,
    "coverage": {
      "revenue": [
        20,
        20
      ],
      "gross_profit": [
        0,
        20
      ],
      "op_income": [
        20,
        20
      ],
      "fcf": [
        20,
        20
      ]
    },
    "gaps": [],
    "warnings": [
      "gross_profit: no data"
    ]
  },
  "market_cap": null,
  "source": "SEC EDGAR",
  "last_updated": "2026-02-02T19:46:10.374571"
}