{
  "ticker": "TMP",
  "name": "Tompkins Financial Corp",
  "quarters": [
    {
      "date": "2020-06-30T00:00:00",
      "quarter_label": "2020-06 (Q2)",
      "revenue": 14944000,
      "gross_profit": null,
      "operating_income": null,
      "net_income": null,
      "opex": null,
      "cogs": null,
      "rd": null,
      "sga": null,
      "fcf": null,
      "ocf": null,
      "capex": null,
      "gross_margin": null,
      "op_margin": null,
      "fcf_margin": null
    },
    {
      "date": "2020-09-30T00:00:00",
      "quarter_label": "2020-09 (Q3)",
      "revenue": 17356000,
      "gross_profit": null,
      "operating_income": null,
      "net_income": null,
      "opex": null,
      "cogs": null,
      "rd": null,
      "sga": null,
      "fcf": null,
      "ocf": null,
      "capex": null,
      "gross_margin": null,
      "op_margin": null,
      "fcf_margin": null
    },
    {
      "date": "2020-12-31T00:00:00",
      "quarter_label": "2020-12 (Q4)",
      "revenue": 16719000,
      "gross_profit": null,
      "operating_income": null,
      "net_income": 23978000,
      "opex": null,
      "cogs": null,
      "rd": null,
      "sga": null,
      "fcf": 38414000,
      "ocf": 40071000,
      "capex": -1657000,
      "gross_margin": null,
      "op_margin": null,
      "fcf_margin": 2.2976254560679465
    },
    {
      "date": "2021-03-31T00:00:00",
      "quarter_label": "2021-03 (Q1)",
      "revenue": 17992000,
      "gross_profit": null,
      "operating_income": null,
      "net_income": 25626000,
      "opex": null,
      "cogs": null,
      "rd": null,
      "sga": null,
      "fcf": 29445000,
      "ocf": 30256000,
      "capex": -811000,
      "gross_margin": null,
      "op_margin": null,
      "fcf_margin": 1.6365606936416186,
      "fcf_margin_change": -0.661064762426328
    },
    {
      "date": "2021-06-30T00:00:00",
      "quarter_label": "2021-06 (Q2)",
      "revenue": 17490000,
      "gross_profit": null,
      "operating_income": null,
      "net_income": 22831000,
      "opex": null,
      "cogs": null,
      "rd": null,
      "sga": null,
      "fcf": 19093000,
      "ocf": 20237000,
      "capex": -1144000,
      "gross_margin": null,
      "op_margin": null,
      "fcf_margin": 1.0916523727844483,
      "rev_growth_yoy": 0.1703693790149893,
      "fcf_margin_change": -0.5449083208571703
    },
    {
      "date": "2021-09-30T00:00:00",
      "quarter_label": "2021-09 (Q3)",
      "revenue": 19431000,
      "gross_profit": null,
      "operating_income": null,
      "net_income": 21342000,
      "opex": null,
      "cogs": null,
      "rd": null,
      "sga": null,
      "fcf": 39501000,
      "ocf": 40861000,
      "capex": -1360000,
      "gross_margin": null,
      "op_margin": null,
      "fcf_margin": 2.032885595182955,
      "rev_growth_yoy": 0.11955519705001152,
      "rev_growth_yoy_accel": -0.05081418196497778,
      "fcf_margin_change": 0.9412332223985069
    },
    {
      "date": "2021-12-31T00:00:00",
      "quarter_label": "2021-12 (Q4)",
      "revenue": 17686000,
      "gross_profit": null,
      "operating_income": null,
      "net_income": 19465000,
      "opex": null,
      "cogs": null,
      "rd": null,
      "sga": null,
      "fcf": 28397000,
      "ocf": 29823000,
      "capex": -1426000,
      "gross_margin": null,
      "op_margin": null,
      "fcf_margin": 1.6056202646160804,
      "rev_growth_yoy": 0.05783838746336503,
      "rev_growth_yoy_accel": -0.06171680958664649,
      "fcf_margin_change": -0.42726533056687477
    },
    {
      "date": "2022-03-31T00:00:00",
      "quarter_label": "2022-03 (Q1)",
      "revenue": 18872000,
      "gross_profit": null,
      "operating_income": null,
      "net_income": 23273000,
      "opex": null,
      "cogs": null,
      "rd": null,
      "sga": null,
      "fcf": 23891000,
      "ocf": 23918000,
      "capex": -27000,
      "gross_margin": null,
      "op_margin": null,
      "fcf_margin": 1.2659495548961424,
      "rev_growth_yoy": 0.048910626945309024,
      "rev_growth_yoy_accel": -0.008927760518056008,
      "fcf_margin_change": -0.33967070971993807
    },
    {
      "date": "2022-06-30T00:00:00",
      "quarter_label": "2022-06 (Q2)",
      "revenue": 18048000,
      "gross_profit": null,
      "operating_income": null,
      "net_income": 20869000,
      "opex": null,
      "cogs": null,
      "rd": null,
      "sga": null,
      "fcf": 22852000,
      "ocf": 27599000,
      "capex": -4747000,
      "gross_margin": null,
      "op_margin": null,
      "fcf_margin": 1.2661790780141844,
      "rev_growth_yoy": 0.031903945111492284,
      "rev_growth_yoy_accel": -0.01700668183381674,
      "fcf_margin_change": 0.00022952311804202985
    },
    {
      "date": "2022-09-30T00:00:00",
      "quarter_label": "2022-09 (Q3)",
      "revenue": 20142000,
      "gross_profit": null,
      "operating_income": null,
      "net_income": 21340000,
      "opex": null,
      "cogs": null,
      "rd": null,
      "sga": null,
      "fcf": 29392000,
      "ocf": 30806000,
      "capex": -1414000,
      "gross_margin": null,
      "op_margin": null,
      "fcf_margin": 1.459239400258167,
      "rev_growth_yoy": 0.036591014358499305,
      "rev_growth_yoy_accel": 0.004687069247007021,
      "fcf_margin_change": 0.19306032224398262
    },
    {
      "date": "2022-12-31T00:00:00",
      "quarter_label": "2022-12 (Q4)",
      "revenue": 16909000,
      "gross_profit": null,
      "operating_income": null,
      "net_income": 19548000,
      "opex": null,
      "cogs": null,
      "rd": null,
      "sga": null,
      "fcf": 19037000,
      "ocf": 21017000,
      "capex": -1980000,
      "gross_margin": null,
      "op_margin": null,
      "fcf_margin": 1.125850138979242,
      "rev_growth_yoy": -0.043933054393305436,
      "rev_growth_yoy_accel": -0.08052406875180473,
      "fcf_margin_change": -0.3333892612789251
    },
    {
      "date": "2023-03-31T00:00:00",
      "quarter_label": "2023-03 (Q1)",
      "revenue": 18797000,
      "gross_profit": null,
      "operating_income": null,
      "net_income": 19381000,
      "opex": null,
      "cogs": null,
      "rd": null,
      "sga": null,
      "fcf": 21352000,
      "ocf": 22758000,
      "capex": -1406000,
      "gross_margin": null,
      "op_margin": null,
      "fcf_margin": 1.1359259456296218,
      "rev_growth_yoy": -0.00397414158541755,
      "rev_growth_yoy_accel": 0.03995891280788789,
      "fcf_margin_change": 0.010075806650379882
    },
    {
      "date": "2023-06-30T00:00:00",
      "quarter_label": "2023-06 (Q2)",
      "revenue": 18402000,
      "gross_profit": null,
      "operating_income": null,
      "net_income": 8475000,
      "opex": null,
      "cogs": null,
      "rd": null,
      "sga": null,
      "fcf": 20053000,
      "ocf": 21991000,
      "capex": -1938000,
      "gross_margin": null,
      "op_margin": null,
      "fcf_margin": 1.0897185088577328,
      "rev_growth_yoy": 0.01961436170212766,
      "rev_growth_yoy_accel": 0.023588503287545207,
      "fcf_margin_change": -0.04620743677188899
    },
    {
      "date": "2023-09-30T00:00:00",
      "quarter_label": "2023-09 (Q3)",
      "revenue": 20667000,
      "gross_profit": null,
      "operating_income": null,
      "net_income": -33354000,
      "opex": null,
      "cogs": null,
      "rd": null,
      "sga": null,
      "fcf": 23359000,
      "ocf": 25323000,
      "capex": -1964000,
      "gross_margin": null,
      "op_margin": null,
      "fcf_margin": 1.1302559636134901,
      "rev_growth_yoy": 0.026064938933571643,
      "rev_growth_yoy_accel": 0.0064505772314439845,
      "fcf_margin_change": 0.04053745475575732
    },
    {
      "date": "2023-12-31T00:00:00",
      "quarter_label": "2023-12 (Q4)",
      "revenue": 17162000,
      "gross_profit": null,
      "operating_income": null,
      "net_income": 15003000,
      "opex": null,
      "cogs": null,
      "rd": null,
      "sga": null,
      "fcf": 17477000,
      "ocf": 18931000,
      "capex": -1454000,
      "gross_margin": null,
      "op_margin": null,
      "fcf_margin": 1.018354504137047,
      "rev_growth_yoy": 0.0149624460346561,
      "rev_growth_yoy_accel": -0.011102492898915543,
      "fcf_margin_change": -0.11190145947644314
    },
    {
      "date": "2024-03-31T00:00:00",
      "quarter_label": "2024-03 (Q1)",
      "revenue": 20251000,
      "gross_profit": null,
      "operating_income": null,
      "net_income": 16872000,
      "opex": null,
      "cogs": null,
      "rd": null,
      "sga": null,
      "fcf": 21852000,
      "ocf": 23241000,
      "capex": -1389000,
      "gross_margin": null,
      "op_margin": null,
      "fcf_margin": 1.0790578243049727,
      "rev_growth_yoy": 0.07735276905889238,
      "rev_growth_yoy_accel": 0.06239032302423628,
      "fcf_margin_change": 0.06070332016792568
    },
    {
      "date": "2024-06-30T00:00:00",
      "quarter_label": "2024-06 (Q2)",
      "revenue": 19285000,
      "gross_profit": null,
      "operating_income": null,
      "net_income": 15682000,
      "opex": null,
      "cogs": null,
      "rd": null,
      "sga": null,
      "fcf": 26303000,
      "ocf": 27282000,
      "capex": -979000,
      "gross_margin": null,
      "op_margin": null,
      "fcf_margin": 1.3639097744360902,
      "rev_growth_yoy": 0.04798391479187045,
      "rev_growth_yoy_accel": -0.029368854267021932,
      "fcf_margin_change": 0.2848519501311175
    },
    {
      "date": "2024-09-30T00:00:00",
      "quarter_label": "2024-09 (Q3)",
      "revenue": 21307000,
      "gross_profit": null,
      "operating_income": null,
      "net_income": 18638000,
      "opex": null,
      "cogs": null,
      "rd": null,
      "sga": null,
      "fcf": 18938000,
      "ocf": 21194000,
      "capex": -2256000,
      "gross_margin": null,
      "op_margin": null,
      "fcf_margin": 0.8888158821044727,
      "rev_growth_yoy": 0.03096724246383123,
      "rev_growth_yoy_accel": -0.017016672328039217,
      "fcf_margin_change": -0.4750938923316175
    },
    {
      "date": "2024-12-31T00:00:00",
      "quarter_label": "2024-12 (Q4)",
      "revenue": 18488000,
      "gross_profit": null,
      "operating_income": null,
      "net_income": 19658000,
      "opex": null,
      "cogs": null,
      "rd": null,
      "sga": null,
      "fcf": 21664000,
      "ocf": 23249000,
      "capex": -1585000,
      "gross_margin": null,
      "op_margin": null,
      "fcf_margin": 1.171787105149286,
      "rev_growth_yoy": 0.07726372217690246,
      "rev_growth_yoy_accel": 0.04629647971307123,
      "fcf_margin_change": 0.28297122304481337
    },
    {
      "date": "2025-03-31T00:00:00",
      "quarter_label": "2025-03 (Q1)",
      "revenue": 21506000,
      "gross_profit": null,
      "operating_income": null,
      "net_income": 19679000,
      "opex": null,
      "cogs": null,
      "rd": null,
      "sga": null,
      "fcf": 20872000,
      "ocf": 22225000,
      "capex": -1353000,
      "gross_margin": null,
      "op_margin": null,
      "fcf_margin": 0.9705198549242072,
      "rev_growth_yoy": 0.06197224828403536,
      "rev_growth_yoy_accel": -0.0152914738928671,
      "fcf_margin_change": -0.20126725022507885
    }
  ],
  "signals": [
    {
      "quarter": "2024-12 (Q4)",
      "signal": "FCF MARGIN EXPANSION",
      "detail": "FCF margin: +88.9% -> +117.2% (+28.3%)",
      "severity": "MEDIUM"
    },
    {
      "quarter": "2024-06 (Q2)",
      "signal": "FCF MARGIN EXPANSION",
      "detail": "FCF margin: +107.9% -> +136.4% (+28.5%)",
      "severity": "MEDIUM"
    },
    {
      "quarter": "2024-03 (Q1)",
      "signal": "FCF MARGIN EXPANSION",
      "detail": "FCF margin: +101.8% -> +107.9% (+6.1%)",
      "severity": "MEDIUM"
    },
    {
      "quarter": "2024-03 (Q1)",
      "signal": "YoY REVENUE GROWTH ACCELERATION",
      "detail": "YoY growth: +7.7% vs prior quarter YoY: +1.5% (accel: +6.2%)",
      "severity": "MEDIUM"
    },
    {
      "quarter": "2022-12 (Q4)",
      "signal": "YoY REVENUE GROWTH DECELERATION",
      "detail": "YoY growth: -4.4% vs prior quarter YoY: +3.7% (decel: -8.1%)",
      "severity": "WARNING"
    },
    {
      "quarter": "2022-09 (Q3)",
      "signal": "FCF MARGIN EXPANSION",
      "detail": "FCF margin: +126.6% -> +145.9% (+19.3%)",
      "severity": "MEDIUM"
    },
    {
      "quarter": "2021-12 (Q4)",
      "signal": "YoY REVENUE GROWTH DECELERATION",
      "detail": "YoY growth: +5.8% vs prior quarter YoY: +12.0% (decel: -6.2%)",
      "severity": "WARNING"
    },
    {
      "quarter": "2021-09 (Q3)",
      "signal": "FCF MARGIN EXPANSION",
      "detail": "FCF margin: +109.2% -> +203.3% (+94.1%)",
      "severity": "MEDIUM"
    },
    {
      "quarter": "2021-09 (Q3)",
      "signal": "YoY REVENUE GROWTH DECELERATION",
      "detail": "YoY growth: +12.0% vs prior quarter YoY: +17.0% (decel: -5.1%)",
      "severity": "WARNING"
    }
  ],
  "data_quality": {
    "n_quarters": 20,
    "coverage": {
      "revenue": [
        20,
        20
      ],
      "gross_profit": [
        0,
        20
      ],
      "op_income": [
        0,
        20
      ],
      "fcf": [
        18,
        20
      ]
    },
    "gaps": [],
    "warnings": [
      "gross_profit: no data",
      "op_income: no data"
    ]
  },
  "market_cap": null,
  "source": "SEC EDGAR",
  "last_updated": "2026-02-02T21:58:31.403238"
}