{
  "ticker": "TMUSI",
  "name": "T-MOBILE US, INC.",
  "quarters": [
    {
      "date": "2020-12-31T00:00:00",
      "quarter_label": "2020-12 (Q4)",
      "revenue": 20341000000,
      "gross_profit": null,
      "operating_income": 1712000000,
      "net_income": 750000000,
      "opex": 18629000000,
      "cogs": null,
      "rd": null,
      "sga": 4758000000,
      "fcf": -333000000,
      "ocf": 3474000000,
      "capex": -3807000000,
      "gross_margin": null,
      "op_margin": 0.08416498697212527,
      "fcf_margin": -0.016370876554741655
    },
    {
      "date": "2021-03-31T00:00:00",
      "quarter_label": "2021-03 (Q1)",
      "revenue": 19759000000,
      "gross_profit": null,
      "operating_income": 2139000000,
      "net_income": 933000000,
      "opex": 17620000000,
      "cogs": null,
      "rd": null,
      "sga": 4805000000,
      "fcf": 478000000,
      "ocf": 3661000000,
      "capex": -3183000000,
      "gross_margin": null,
      "op_margin": 0.1082544663191457,
      "fcf_margin": 0.024191507667392073,
      "fcf_margin_change": 0.04056238422213373
    },
    {
      "date": "2021-06-30T00:00:00",
      "quarter_label": "2021-06 (Q2)",
      "revenue": 19950000000,
      "gross_profit": null,
      "operating_income": 2106000000,
      "net_income": 978000000,
      "opex": 17844000000,
      "cogs": null,
      "rd": null,
      "sga": 4823000000,
      "fcf": 509000000,
      "ocf": 3779000000,
      "capex": -3270000000,
      "gross_margin": null,
      "op_margin": 0.1055639097744361,
      "fcf_margin": 0.02551378446115288,
      "fcf_margin_change": 0.0013222767937608078
    },
    {
      "date": "2021-09-30T00:00:00",
      "quarter_label": "2021-09 (Q3)",
      "revenue": 19624000000,
      "gross_profit": null,
      "operating_income": 1584000000,
      "net_income": 691000000,
      "opex": 18040000000,
      "cogs": null,
      "rd": null,
      "sga": 5212000000,
      "fcf": 533000000,
      "ocf": 3477000000,
      "capex": -2944000000,
      "gross_margin": null,
      "op_margin": 0.08071748878923767,
      "fcf_margin": 0.027160619649408888,
      "fcf_margin_change": 0.0016468351882560073
    },
    {
      "date": "2021-12-31T00:00:00",
      "quarter_label": "2021-12 (Q4)",
      "revenue": 20785000000,
      "gross_profit": null,
      "operating_income": 1063000000,
      "net_income": 422000000,
      "opex": 19722000000,
      "cogs": null,
      "rd": null,
      "sga": 5398000000,
      "fcf": 71000000,
      "ocf": 3000000000,
      "capex": -2929000000,
      "gross_margin": null,
      "op_margin": 0.051142650950204475,
      "fcf_margin": 0.0034159249458744286,
      "incr_op_margin_yoy": -1.4617117117117118,
      "rev_growth_yoy": 0.021827835406322205,
      "op_leverage_ratio": 0.6345344800925655,
      "fcf_margin_change": -0.02374469470353446
    },
    {
      "date": "2022-03-31T00:00:00",
      "quarter_label": "2022-03 (Q1)",
      "revenue": 20120000000,
      "gross_profit": null,
      "operating_income": 1806000000,
      "net_income": 713000000,
      "opex": 18314000000,
      "cogs": null,
      "rd": null,
      "sga": 5056000000,
      "fcf": 464000000,
      "ocf": 3845000000,
      "capex": -3381000000,
      "gross_margin": null,
      "op_margin": 0.08976143141153081,
      "fcf_margin": 0.023061630218687873,
      "incr_op_margin_yoy": -0.9224376731301939,
      "rev_growth_yoy": 0.018270155372235437,
      "rev_growth_yoy_accel": -0.0035576800340867687,
      "fcf_margin_change": 0.019645705272813445
    },
    {
      "date": "2022-06-30T00:00:00",
      "quarter_label": "2022-06 (Q2)",
      "revenue": 19701000000,
      "gross_profit": null,
      "operating_income": 709000000,
      "net_income": -108000000,
      "opex": 18992000000,
      "cogs": null,
      "rd": null,
      "sga": 5856000000,
      "fcf": 637000000,
      "ocf": 4209000000,
      "capex": -3572000000,
      "gross_margin": null,
      "op_margin": 0.035988020912644025,
      "fcf_margin": 0.032333384092178064,
      "incr_op_margin_yoy": 5.610441767068273,
      "rev_growth_yoy": -0.012481203007518798,
      "rev_growth_yoy_accel": -0.030751358379754234,
      "fcf_margin_change": 0.00927175387349019
    },
    {
      "date": "2022-09-30T00:00:00",
      "quarter_label": "2022-09 (Q3)",
      "revenue": 19477000000,
      "gross_profit": null,
      "operating_income": 1281000000,
      "net_income": 508000000,
      "opex": 18196000000,
      "cogs": null,
      "rd": null,
      "sga": 5118000000,
      "fcf": 757000000,
      "ocf": 4391000000,
      "capex": -3634000000,
      "gross_margin": null,
      "op_margin": 0.06576988242542486,
      "fcf_margin": 0.038866355188170665,
      "incr_op_margin_yoy": 2.061224489795918,
      "rev_growth_yoy": -0.007490827558092132,
      "rev_growth_yoy_accel": 0.004990375449426666,
      "fcf_margin_change": 0.006532971095992601
    },
    {
      "date": "2022-12-31T00:00:00",
      "quarter_label": "2022-12 (Q4)",
      "revenue": 20273000000,
      "gross_profit": null,
      "operating_income": 2747000000,
      "net_income": 1477000000,
      "opex": 17526000000,
      "cogs": null,
      "rd": null,
      "sga": 5577000000,
      "fcf": 953000000,
      "ocf": 4336000000,
      "capex": -3383000000,
      "gross_margin": null,
      "op_margin": 0.1355004192768707,
      "fcf_margin": 0.047008336210723624,
      "incr_op_margin_yoy": -3.2890625,
      "rev_growth_yoy": -0.02463314890546067,
      "rev_growth_yoy_accel": -0.01714232134736854,
      "op_leverage_ratio": Infinity,
      "fcf_margin_change": 0.008141981022552959
    },
    {
      "date": "2023-03-31T00:00:00",
      "quarter_label": "2023-03 (Q1)",
      "revenue": 19632000000,
      "gross_profit": null,
      "operating_income": 3397000000,
      "net_income": 1940000000,
      "opex": 16235000000,
      "cogs": null,
      "rd": null,
      "sga": 5425000000,
      "fcf": 1050000000,
      "ocf": 4051000000,
      "capex": -3001000000,
      "gross_margin": null,
      "op_margin": 0.17303382233088835,
      "fcf_margin": 0.0534841075794621,
      "incr_op_margin_yoy": -3.2602459016393444,
      "rev_growth_yoy": -0.024254473161033796,
      "rev_growth_yoy_accel": 0.00037867574442687277,
      "fcf_margin_change": 0.0064757713687384755
    },
    {
      "date": "2023-06-30T00:00:00",
      "quarter_label": "2023-06 (Q2)",
      "revenue": 19196000000,
      "gross_profit": null,
      "operating_income": 3793000000,
      "net_income": 2221000000,
      "opex": 15403000000,
      "cogs": null,
      "rd": null,
      "sga": 5272000000,
      "fcf": 1566000000,
      "ocf": 4355000000,
      "capex": -2789000000,
      "gross_margin": null,
      "op_margin": 0.19759324859345698,
      "fcf_margin": 0.08157949572827672,
      "incr_op_margin_yoy": -6.106930693069307,
      "rev_growth_yoy": -0.02563321658799046,
      "rev_growth_yoy_accel": -0.0013787434269566627,
      "fcf_margin_change": 0.02809538814881462
    },
    {
      "date": "2023-09-30T00:00:00",
      "quarter_label": "2023-09 (Q3)",
      "revenue": 19252000000,
      "gross_profit": null,
      "operating_income": 3596000000,
      "net_income": 2142000000,
      "opex": 15656000000,
      "cogs": null,
      "rd": null,
      "sga": 5334000000,
      "fcf": 2870000000,
      "ocf": 5294000000,
      "capex": -2424000000,
      "gross_margin": null,
      "op_margin": 0.18678578848950758,
      "fcf_margin": 0.149075420735508,
      "incr_op_margin_yoy": -10.28888888888889,
      "rev_growth_yoy": -0.011552087077065256,
      "rev_growth_yoy_accel": 0.014081129510925203,
      "fcf_margin_change": 0.06749592500723128
    },
    {
      "date": "2023-12-31T00:00:00",
      "quarter_label": "2023-12 (Q4)",
      "revenue": 20478000000,
      "gross_profit": null,
      "operating_income": 3480000000,
      "net_income": 2014000000,
      "opex": 16998000000,
      "cogs": null,
      "rd": null,
      "sga": 5280000000,
      "fcf": 3272000000,
      "ocf": 4859000000,
      "capex": -1587000000,
      "gross_margin": null,
      "op_margin": 0.16993847055376501,
      "fcf_margin": 0.15978122863560895,
      "incr_op_margin_yoy": 3.575609756097561,
      "rev_growth_yoy": 0.010111971587826172,
      "rev_growth_yoy_accel": 0.021664058664891427,
      "op_leverage_ratio": 0.7429214778776929,
      "fcf_margin_change": 0.01070580790010095
    },
    {
      "date": "2024-03-31T00:00:00",
      "quarter_label": "2024-03 (Q1)",
      "revenue": 19594000000,
      "gross_profit": null,
      "operating_income": 3998000000,
      "net_income": 2374000000,
      "opex": 15596000000,
      "cogs": null,
      "rd": null,
      "sga": 5138000000,
      "fcf": 2457000000,
      "ocf": 5084000000,
      "capex": -2627000000,
      "gross_margin": null,
      "op_margin": 0.20404205368990508,
      "fcf_margin": 0.12539552924364603,
      "incr_op_margin_yoy": -15.81578947368421,
      "rev_growth_yoy": -0.0019356153219233904,
      "rev_growth_yoy_accel": -0.012047586909749563,
      "fcf_margin_change": -0.034385699391962926
    },
    {
      "date": "2024-06-30T00:00:00",
      "quarter_label": "2024-06 (Q2)",
      "revenue": 19772000000,
      "gross_profit": null,
      "operating_income": 4630000000,
      "net_income": 2925000000,
      "opex": 15142000000,
      "cogs": null,
      "rd": null,
      "sga": 5142000000,
      "fcf": 3481000000,
      "ocf": 5521000000,
      "capex": -2040000000,
      "gross_margin": null,
      "op_margin": 0.23416953267246612,
      "fcf_margin": 0.17605705037426664,
      "incr_op_margin_yoy": 1.453125,
      "rev_growth_yoy": 0.030006251302354656,
      "rev_growth_yoy_accel": 0.031941866624278045,
      "fcf_margin_change": 0.05066152113062061
    },
    {
      "date": "2024-09-30T00:00:00",
      "quarter_label": "2024-09 (Q3)",
      "revenue": 20162000000,
      "gross_profit": null,
      "operating_income": 4796000000,
      "net_income": 3059000000,
      "opex": 15366000000,
      "cogs": null,
      "rd": null,
      "sga": 5186000000,
      "fcf": 4178000000,
      "ocf": 6139000000,
      "capex": -1961000000,
      "gross_margin": null,
      "op_margin": 0.23787322686241444,
      "fcf_margin": 0.20722150580299573,
      "incr_op_margin_yoy": 1.3186813186813187,
      "rev_growth_yoy": 0.04726781633077083,
      "rev_growth_yoy_accel": 0.017261565028416175,
      "op_leverage_ratio": 1.333365545793474,
      "fcf_margin_change": 0.031164455428729088
    },
    {
      "date": "2024-12-31T00:00:00",
      "quarter_label": "2024-12 (Q4)",
      "revenue": 21872000000,
      "gross_profit": null,
      "operating_income": 4586000000,
      "net_income": 2981000000,
      "opex": 17286000000,
      "cogs": null,
      "rd": null,
      "sga": 5352000000,
      "fcf": 3337000000,
      "ocf": 5549000000,
      "capex": -2212000000,
      "gross_margin": null,
      "op_margin": 0.20967446964155084,
      "fcf_margin": 0.1525694952450622,
      "incr_op_margin_yoy": 0.793400286944046,
      "rev_growth_yoy": 0.06807305400918058,
      "rev_growth_yoy_accel": 0.02080523767840975,
      "op_leverage_ratio": 0.6787691573256621,
      "fcf_margin_change": -0.054652010557933534
    },
    {
      "date": "2025-03-31T00:00:00",
      "quarter_label": "2025-03 (Q1)",
      "revenue": 20886000000,
      "gross_profit": null,
      "operating_income": 4800000000,
      "net_income": 2953000000,
      "opex": 16086000000,
      "cogs": null,
      "rd": null,
      "sga": 5488000000,
      "fcf": 4396000000,
      "ocf": 6847000000,
      "capex": -2451000000,
      "gross_margin": null,
      "op_margin": 0.2298190175237001,
      "fcf_margin": 0.210475916882122,
      "incr_op_margin_yoy": 0.6207430340557275,
      "rev_growth_yoy": 0.06593855261814842,
      "rev_growth_yoy_accel": -0.002134501391032162,
      "fcf_margin_change": 0.05790642163705981
    },
    {
      "date": "2025-06-30T00:00:00",
      "quarter_label": "2025-06 (Q2)",
      "revenue": 21132000000,
      "gross_profit": null,
      "operating_income": 5213000000,
      "net_income": 3222000000,
      "opex": 15919000000,
      "cogs": null,
      "rd": null,
      "sga": 5397000000,
      "fcf": 4596000000,
      "ocf": 6992000000,
      "capex": -2396000000,
      "gross_margin": null,
      "op_margin": 0.2466874881696006,
      "fcf_margin": 0.2174900624645088,
      "incr_op_margin_yoy": 0.42867647058823527,
      "rev_growth_yoy": 0.06878413918672871,
      "rev_growth_yoy_accel": 0.002845586568580291,
      "op_leverage_ratio": Infinity,
      "fcf_margin_change": 0.007014145582386805
    },
    {
      "date": "2025-09-30T00:00:00",
      "quarter_label": "2025-09 (Q3)",
      "revenue": 21957000000,
      "gross_profit": null,
      "operating_income": 4530000000,
      "net_income": 2714000000,
      "opex": 17427000000,
      "cogs": null,
      "rd": null,
      "sga": 6015000000,
      "fcf": 4818000000,
      "ocf": 7457000000,
      "capex": -2639000000,
      "gross_margin": null,
      "op_margin": 0.2063123377510589,
      "fcf_margin": 0.21942888372728514,
      "incr_op_margin_yoy": -0.14818941504178273,
      "rev_growth_yoy": 0.08902886618391033,
      "rev_growth_yoy_accel": 0.02024472699718162,
      "op_leverage_ratio": 0.41212388744037104,
      "fcf_margin_change": 0.0019388212627763357
    }
  ],
  "signals": [
    {
      "quarter": "2025-06 (Q2)",
      "signal": "INCREMENTAL MARGIN (YoY)",
      "detail": "YoY Incr OPM: +42.9% vs year-ago OPM: +23.4%",
      "severity": "MEDIUM"
    },
    {
      "quarter": "2025-03 (Q1)",
      "signal": "FCF MARGIN EXPANSION",
      "detail": "FCF margin: +15.3% -> +21.0% (+5.8%)",
      "severity": "MEDIUM"
    },
    {
      "quarter": "2025-03 (Q1)",
      "signal": "INCREMENTAL MARGIN (YoY)",
      "detail": "YoY Incr OPM: +62.1% vs year-ago OPM: +20.4%",
      "severity": "HIGH"
    },
    {
      "quarter": "2024-12 (Q4)",
      "signal": "INCREMENTAL MARGIN (YoY)",
      "detail": "YoY Incr OPM: +79.3% vs year-ago OPM: +17.0%",
      "severity": "HIGH"
    },
    {
      "quarter": "2024-09 (Q3)",
      "signal": "INCREMENTAL MARGIN (YoY)",
      "detail": "YoY Incr OPM: +131.9% vs year-ago OPM: +18.7%",
      "severity": "HIGH"
    },
    {
      "quarter": "2024-06 (Q2)",
      "signal": "FCF MARGIN EXPANSION",
      "detail": "FCF margin: +12.5% -> +17.6% (+5.1%)",
      "severity": "MEDIUM"
    },
    {
      "quarter": "2024-06 (Q2)",
      "signal": "INCREMENTAL MARGIN (YoY)",
      "detail": "YoY Incr OPM: +145.3% vs year-ago OPM: +19.8%",
      "severity": "HIGH"
    },
    {
      "quarter": "2023-12 (Q4)",
      "signal": "INCREMENTAL MARGIN (YoY)",
      "detail": "YoY Incr OPM: +357.6% vs year-ago OPM: +13.6%",
      "severity": "HIGH"
    },
    {
      "quarter": "2023-09 (Q3)",
      "signal": "FCF MARGIN EXPANSION",
      "detail": "FCF margin: +8.2% -> +14.9% (+6.7%)",
      "severity": "MEDIUM"
    },
    {
      "quarter": "2022-09 (Q3)",
      "signal": "INCREMENTAL MARGIN (YoY)",
      "detail": "YoY Incr OPM: +206.1% vs year-ago OPM: +8.1%",
      "severity": "HIGH"
    },
    {
      "quarter": "2022-06 (Q2)",
      "signal": "INCREMENTAL MARGIN (YoY)",
      "detail": "YoY Incr OPM: +561.0% vs year-ago OPM: +10.6%",
      "severity": "HIGH"
    },
    {
      "quarter": "2021-03 (Q1)",
      "signal": "FCF TURNED POSITIVE",
      "detail": "FCF margin: -1.6% -> +2.4%",
      "severity": "HIGH"
    }
  ],
  "data_quality": {
    "n_quarters": 20,
    "coverage": {
      "revenue": [
        20,
        20
      ],
      "gross_profit": [
        0,
        20
      ],
      "op_income": [
        20,
        20
      ],
      "fcf": [
        20,
        20
      ]
    },
    "gaps": [],
    "warnings": [
      "gross_profit: no data"
    ]
  },
  "market_cap": null,
  "source": "SEC EDGAR",
  "last_updated": "2026-02-03T01:09:59.180290"
}