{
  "ticker": "TNET",
  "name": "TRINET GROUP, INC",
  "sector": "Industrials",
  "industry": "Staffing & Employment Services",
  "quarters": [
    {
      "date": "2021-03-31T00:00:00",
      "quarter_label": "2021-03 (Q1)",
      "revenue": 1060000000,
      "gross_profit": null,
      "operating_income": 138000000,
      "net_income": 101000000,
      "opex": 922000000,
      "cogs": null,
      "rd": 13000000,
      "sga": null,
      "fcf": -180000000,
      "ocf": -175000000,
      "capex": -5000000,
      "gross_margin": null,
      "op_margin": 0.13018867924528302,
      "fcf_margin": -0.16981132075471697
    },
    {
      "date": "2021-06-30T00:00:00",
      "quarter_label": "2021-06 (Q2)",
      "revenue": 1100000000,
      "gross_profit": null,
      "operating_income": 121000000,
      "net_income": 91000000,
      "opex": 979000000,
      "cogs": null,
      "rd": 11000000,
      "sga": null,
      "fcf": -27000000,
      "ocf": -15000000,
      "capex": -12000000,
      "gross_margin": null,
      "op_margin": 0.11,
      "fcf_margin": -0.024545454545454544,
      "op_leverage_ratio": 0.6103939093015558,
      "fcf_margin_change": 0.14526586620926243
    },
    {
      "date": "2021-09-30T00:00:00",
      "quarter_label": "2021-09 (Q3)",
      "revenue": 1148000000,
      "gross_profit": null,
      "operating_income": 105000000,
      "net_income": 77000000,
      "opex": 1043000000,
      "cogs": null,
      "rd": 12000000,
      "sga": null,
      "fcf": 162000000,
      "ocf": 174000000,
      "capex": -12000000,
      "gross_margin": null,
      "op_margin": 0.09146341463414634,
      "fcf_margin": 0.14111498257839722,
      "op_leverage_ratio": 0.6675,
      "fcf_margin_change": 0.16566043712385176
    },
    {
      "date": "2021-12-31T00:00:00",
      "quarter_label": "2021-12 (Q4)",
      "revenue": 1232000000,
      "gross_profit": null,
      "operating_income": 91000000,
      "net_income": 69000000,
      "opex": 1141000000,
      "cogs": null,
      "rd": 14000000,
      "sga": null,
      "fcf": 223000000,
      "ocf": 234000000,
      "capex": -11000000,
      "gross_margin": null,
      "op_margin": 0.07386363636363637,
      "fcf_margin": 0.1810064935064935,
      "op_leverage_ratio": 0.7787456445993031,
      "fcf_margin_change": 0.039891510928096285
    },
    {
      "date": "2022-03-31T00:00:00",
      "quarter_label": "2022-03 (Q1)",
      "revenue": 1218000000,
      "gross_profit": null,
      "operating_income": 204000000,
      "net_income": 146000000,
      "opex": 1014000000,
      "cogs": null,
      "rd": 16000000,
      "sga": null,
      "fcf": 203000000,
      "ocf": 214000000,
      "capex": -11000000,
      "gross_margin": null,
      "op_margin": 0.16748768472906403,
      "fcf_margin": 0.16666666666666666,
      "incr_op_margin_yoy": 0.4177215189873418,
      "rev_growth_yoy": 0.1490566037735849,
      "fcf_margin_change": -0.014339826839826847
    },
    {
      "date": "2022-06-30T00:00:00",
      "quarter_label": "2022-06 (Q2)",
      "revenue": 1200000000,
      "gross_profit": null,
      "operating_income": 119000000,
      "net_income": 85000000,
      "opex": 1081000000,
      "cogs": null,
      "rd": 20000000,
      "sga": null,
      "fcf": -104000000,
      "ocf": -89000000,
      "capex": -15000000,
      "gross_margin": null,
      "op_margin": 0.09916666666666667,
      "fcf_margin": -0.08666666666666667,
      "incr_op_margin_yoy": -0.02,
      "rev_growth_yoy": 0.09090909090909091,
      "rev_growth_yoy_accel": -0.05814751286449399,
      "fcf_margin_change": -0.2533333333333333
    },
    {
      "date": "2022-09-30T00:00:00",
      "quarter_label": "2022-09 (Q3)",
      "revenue": 1241000000,
      "gross_profit": null,
      "operating_income": 120000000,
      "net_income": 77000000,
      "opex": 1121000000,
      "cogs": null,
      "rd": 18000000,
      "sga": null,
      "fcf": -62000000,
      "ocf": -49000000,
      "capex": -13000000,
      "gross_margin": null,
      "op_margin": 0.09669621273166801,
      "fcf_margin": -0.0499597099113618,
      "incr_op_margin_yoy": 0.16129032258064516,
      "rev_growth_yoy": 0.08101045296167247,
      "rev_growth_yoy_accel": -0.009898637947418437,
      "op_leverage_ratio": 0.9233541666666666,
      "fcf_margin_change": 0.036706956755304866
    },
    {
      "date": "2022-12-31T00:00:00",
      "quarter_label": "2022-12 (Q4)",
      "revenue": 1248000000,
      "gross_profit": null,
      "operating_income": 56000000,
      "net_income": 48000000,
      "opex": 1170000000,
      "cogs": null,
      "rd": 19000000,
      "sga": null,
      "fcf": 404000000,
      "ocf": 421000000,
      "capex": -17000000,
      "gross_margin": null,
      "op_margin": 0.04487179487179487,
      "fcf_margin": 0.32371794871794873,
      "incr_op_margin_yoy": -2.1875,
      "rev_growth_yoy": 0.012987012987012988,
      "rev_growth_yoy_accel": -0.06802343997465948,
      "fcf_margin_change": 0.3736776586293105
    },
    {
      "date": "2023-03-31T00:00:00",
      "quarter_label": "2023-03 (Q1)",
      "revenue": 1246000000,
      "gross_profit": null,
      "operating_income": 169000000,
      "net_income": 131000000,
      "opex": 1077000000,
      "cogs": null,
      "rd": 17000000,
      "sga": null,
      "fcf": -94000000,
      "ocf": -77000000,
      "capex": -17000000,
      "gross_margin": null,
      "op_margin": 0.13563402889245585,
      "fcf_margin": -0.0754414125200642,
      "incr_op_margin_yoy": -1.25,
      "rev_growth_yoy": 0.022988505747126436,
      "rev_growth_yoy_accel": 0.010001492760113449,
      "fcf_margin_change": -0.39915936123801293
    },
    {
      "date": "2023-06-30T00:00:00",
      "quarter_label": "2023-06 (Q2)",
      "revenue": 1209000000,
      "gross_profit": null,
      "operating_income": 97000000,
      "net_income": 83000000,
      "opex": 1112000000,
      "cogs": null,
      "rd": 17000000,
      "sga": null,
      "fcf": 127000000,
      "ocf": 144000000,
      "capex": -17000000,
      "gross_margin": null,
      "op_margin": 0.08023159636062861,
      "fcf_margin": 0.10504549214226634,
      "incr_op_margin_yoy": -2.4444444444444446,
      "rev_growth_yoy": 0.0075,
      "rev_growth_yoy_accel": -0.015488505747126437,
      "fcf_margin_change": 0.18048690466233053
    },
    {
      "date": "2023-09-30T00:00:00",
      "quarter_label": "2023-09 (Q3)",
      "revenue": 1222000000,
      "gross_profit": null,
      "operating_income": 116000000,
      "net_income": 94000000,
      "opex": 1106000000,
      "cogs": null,
      "rd": 15000000,
      "sga": null,
      "fcf": -130000000,
      "ocf": -110000000,
      "capex": -20000000,
      "gross_margin": null,
      "op_margin": 0.09492635024549918,
      "fcf_margin": -0.10638297872340426,
      "incr_op_margin_yoy": 0.21052631578947367,
      "rev_growth_yoy": -0.015310233682514102,
      "rev_growth_yoy_accel": -0.0228102336825141,
      "op_leverage_ratio": null,
      "fcf_margin_change": -0.2114284708656706
    },
    {
      "date": "2023-12-31T00:00:00",
      "quarter_label": "2023-12 (Q4)",
      "revenue": 1317000000,
      "gross_profit": null,
      "operating_income": 87000000,
      "net_income": 67000000,
      "opex": 1158000000,
      "cogs": null,
      "rd": 16000000,
      "sga": null,
      "fcf": 561000000,
      "ocf": 582000000,
      "capex": -21000000,
      "gross_margin": null,
      "op_margin": 0.06605922551252848,
      "fcf_margin": 0.42596810933940776,
      "incr_op_margin_yoy": 0.4492753623188406,
      "rev_growth_yoy": 0.055288461538461536,
      "rev_growth_yoy_accel": 0.07059869522097564,
      "op_leverage_ratio": 1.653499937051492,
      "fcf_margin_change": 0.5323510880628121
    },
    {
      "date": "2024-03-31T00:00:00",
      "quarter_label": "2024-03 (Q1)",
      "revenue": 1282000000,
      "gross_profit": null,
      "operating_income": 122000000,
      "net_income": 91000000,
      "opex": 1142000000,
      "cogs": null,
      "rd": 18000000,
      "sga": null,
      "fcf": 73000000,
      "ocf": 91000000,
      "capex": -18000000,
      "gross_margin": null,
      "op_margin": 0.09516380655226209,
      "fcf_margin": 0.05694227769110764,
      "incr_op_margin_yoy": -1.3055555555555556,
      "rev_growth_yoy": 0.028892455858747994,
      "rev_growth_yoy_accel": -0.026396005679713543,
      "fcf_margin_change": -0.3690258316483001
    },
    {
      "date": "2024-06-30T00:00:00",
      "quarter_label": "2024-06 (Q2)",
      "revenue": 1243000000,
      "gross_profit": null,
      "operating_income": 80000000,
      "net_income": 60000000,
      "opex": 1146000000,
      "cogs": null,
      "rd": 17000000,
      "sga": null,
      "fcf": 22000000,
      "ocf": 39000000,
      "capex": -17000000,
      "gross_margin": null,
      "op_margin": 0.06436041834271923,
      "fcf_margin": 0.017699115044247787,
      "incr_op_margin_yoy": -0.5,
      "rev_growth_yoy": 0.028122415219189414,
      "rev_growth_yoy_accel": -0.0007700406395585793,
      "fcf_margin_change": -0.039243162646859855
    },
    {
      "date": "2024-09-30T00:00:00",
      "quarter_label": "2024-09 (Q3)",
      "revenue": 1252000000,
      "gross_profit": null,
      "operating_income": 58000000,
      "net_income": 45000000,
      "opex": 1179000000,
      "cogs": null,
      "rd": 17000000,
      "sga": null,
      "fcf": 59000000,
      "ocf": 84000000,
      "capex": -25000000,
      "gross_margin": null,
      "op_margin": 0.0463258785942492,
      "fcf_margin": 0.04712460063897764,
      "incr_op_margin_yoy": -1.9333333333333333,
      "rev_growth_yoy": 0.024549918166939442,
      "rev_growth_yoy_accel": -0.0035724970522499726,
      "fcf_margin_change": 0.02942548559472985
    },
    {
      "date": "2024-12-31T00:00:00",
      "quarter_label": "2024-12 (Q4)",
      "revenue": 1277000000,
      "gross_profit": null,
      "operating_income": null,
      "net_income": -23000000,
      "opex": null,
      "cogs": null,
      "rd": 16000000,
      "sga": null,
      "fcf": 47000000,
      "ocf": 65000000,
      "capex": -18000000,
      "gross_margin": null,
      "op_margin": null,
      "fcf_margin": 0.03680501174628034,
      "rev_growth_yoy": -0.030372057706909643,
      "rev_growth_yoy_accel": -0.05492197587384909,
      "fcf_margin_change": -0.010319588892697296
    },
    {
      "date": "2025-03-31T00:00:00",
      "quarter_label": "2025-03 (Q1)",
      "revenue": 1292000000,
      "gross_profit": null,
      "operating_income": null,
      "net_income": 85000000,
      "opex": 1177000000,
      "cogs": null,
      "rd": 20000000,
      "sga": null,
      "fcf": 79000000,
      "ocf": 95000000,
      "capex": -16000000,
      "gross_margin": null,
      "op_margin": null,
      "fcf_margin": 0.06114551083591331,
      "rev_growth_yoy": 0.0078003120124804995,
      "rev_growth_yoy_accel": 0.03817236971939014,
      "fcf_margin_change": 0.02434049908963297
    },
    {
      "date": "2025-06-30T00:00:00",
      "quarter_label": "2025-06 (Q2)",
      "revenue": 1238000000,
      "gross_profit": null,
      "operating_income": null,
      "net_income": 37000000,
      "opex": 1187000000,
      "cogs": null,
      "rd": 17000000,
      "sga": null,
      "fcf": 57000000,
      "ocf": 75000000,
      "capex": -18000000,
      "gross_margin": null,
      "op_margin": null,
      "fcf_margin": 0.04604200323101777,
      "rev_growth_yoy": -0.004022526146419952,
      "rev_growth_yoy_accel": -0.01182283815890045,
      "fcf_margin_change": -0.015103507604895539
    },
    {
      "date": "2025-09-30T00:00:00",
      "quarter_label": "2025-09 (Q3)",
      "revenue": 1232000000,
      "gross_profit": null,
      "operating_income": null,
      "net_income": 34000000,
      "opex": 1182000000,
      "cogs": null,
      "rd": 18000000,
      "sga": null,
      "fcf": 55000000,
      "ocf": 72000000,
      "capex": -17000000,
      "gross_margin": null,
      "op_margin": null,
      "fcf_margin": 0.044642857142857144,
      "rev_growth_yoy": -0.01597444089456869,
      "rev_growth_yoy_accel": -0.011951914748148738,
      "fcf_margin_change": -0.0013991460881606285
    },
    {
      "date": "2025-12-31T00:00:00",
      "quarter_label": "2025-12 (Q4)",
      "revenue": 1248000000,
      "gross_profit": null,
      "operating_income": null,
      "net_income": -1000000,
      "opex": null,
      "cogs": null,
      "rd": 16000000,
      "sga": null,
      "fcf": 43000000,
      "ocf": 61000000,
      "capex": -18000000,
      "gross_margin": null,
      "op_margin": null,
      "fcf_margin": 0.03445512820512821,
      "rev_growth_yoy": -0.022709475332811275,
      "rev_growth_yoy_accel": -0.0067350344382425854,
      "fcf_margin_change": -0.010187728937728936
    }
  ],
  "signals": [
    {
      "quarter": "2024-12 (Q4)",
      "signal": "YoY REVENUE GROWTH DECELERATION",
      "detail": "YoY growth: -3.0% vs prior quarter YoY: +2.5% (decel: -5.5%)",
      "severity": "WARNING"
    },
    {
      "quarter": "2023-12 (Q4)",
      "signal": "FCF TURNED POSITIVE",
      "detail": "FCF margin: -10.6% -> +42.6%",
      "severity": "HIGH"
    },
    {
      "quarter": "2023-12 (Q4)",
      "signal": "OPERATING LEVERAGE",
      "detail": "Rev growth +7.8% vs OpEx growth +4.7% (leverage: 1.7x)",
      "severity": "MEDIUM"
    },
    {
      "quarter": "2023-12 (Q4)",
      "signal": "YoY REVENUE GROWTH ACCELERATION",
      "detail": "YoY growth: +5.5% vs prior quarter YoY: -1.5% (accel: +7.1%)",
      "severity": "MEDIUM"
    },
    {
      "quarter": "2023-12 (Q4)",
      "signal": "INCREMENTAL MARGIN (YoY)",
      "detail": "YoY Incr OPM: +44.9% vs year-ago OPM: +4.5%",
      "severity": "HIGH"
    },
    {
      "quarter": "2023-09 (Q3)",
      "signal": "INCREMENTAL MARGIN (YoY)",
      "detail": "YoY Incr OPM: +21.1% vs year-ago OPM: +9.7%",
      "severity": "MEDIUM"
    },
    {
      "quarter": "2023-06 (Q2)",
      "signal": "FCF TURNED POSITIVE",
      "detail": "FCF margin: -7.5% -> +10.5%",
      "severity": "HIGH"
    },
    {
      "quarter": "2022-12 (Q4)",
      "signal": "FCF TURNED POSITIVE",
      "detail": "FCF margin: -5.0% -> +32.4%",
      "severity": "HIGH"
    },
    {
      "quarter": "2022-12 (Q4)",
      "signal": "YoY REVENUE GROWTH DECELERATION",
      "detail": "YoY growth: +1.3% vs prior quarter YoY: +8.1% (decel: -6.8%)",
      "severity": "WARNING"
    },
    {
      "quarter": "2022-06 (Q2)",
      "signal": "YoY REVENUE GROWTH DECELERATION",
      "detail": "YoY growth: +9.1% vs prior quarter YoY: +14.9% (decel: -5.8%)",
      "severity": "WARNING"
    },
    {
      "quarter": "2022-03 (Q1)",
      "signal": "INCREMENTAL MARGIN (YoY)",
      "detail": "YoY Incr OPM: +41.8% vs year-ago OPM: +13.0%",
      "severity": "HIGH"
    },
    {
      "quarter": "2021-09 (Q3)",
      "signal": "FCF TURNED POSITIVE",
      "detail": "FCF margin: -2.5% -> +14.1%",
      "severity": "HIGH"
    },
    {
      "quarter": "2021-06 (Q2)",
      "signal": "FCF MARGIN EXPANSION",
      "detail": "FCF margin: -17.0% -> -2.5% (+14.5%)",
      "severity": "MEDIUM"
    }
  ],
  "data_quality": {
    "n_quarters": 20,
    "coverage": {
      "revenue": [
        20,
        20
      ],
      "gross_profit": [
        0,
        20
      ],
      "op_income": [
        15,
        20
      ],
      "fcf": [
        20,
        20
      ]
    },
    "gaps": [],
    "warnings": [
      "gross_profit: no data",
      "op_income: 15/20Q"
    ]
  },
  "market_cap": null,
  "source": "SEC EDGAR",
  "last_updated": "2026-02-13T11:39:09.609916"
}