{
  "ticker": "TNGX",
  "name": "TANGO THERAPEUTICS, INC.",
  "quarters": [
    {
      "date": "2020-12-31T00:00:00",
      "quarter_label": "2020-12 (Q4)",
      "revenue": 9142000,
      "gross_profit": null,
      "operating_income": -8937000,
      "net_income": -8864000,
      "opex": 18079000,
      "cogs": null,
      "rd": 15063000,
      "sga": null,
      "fcf": -18518000,
      "ocf": -18062000,
      "capex": -456000,
      "gross_margin": null,
      "op_margin": -0.9775760227521331,
      "fcf_margin": -2.0255961496390285
    },
    {
      "date": "2021-03-31T00:00:00",
      "quarter_label": "2021-03 (Q1)",
      "revenue": 6386000,
      "gross_profit": null,
      "operating_income": -265895,
      "net_income": -239754,
      "opex": 18467000,
      "cogs": null,
      "rd": 15000000,
      "sga": null,
      "fcf": -13778000,
      "ocf": -13613000,
      "capex": -165000,
      "gross_margin": null,
      "op_margin": -0.041637175070466645,
      "fcf_margin": -2.1575321014719697,
      "fcf_margin_change": -0.13193595183294127
    },
    {
      "date": "2021-06-30T00:00:00",
      "quarter_label": "2021-06 (Q2)",
      "revenue": 18153000,
      "gross_profit": null,
      "operating_income": -770235,
      "net_income": -764601,
      "opex": 22709000,
      "cogs": null,
      "rd": 19079000,
      "sga": null,
      "fcf": -7720000,
      "ocf": -7518000,
      "capex": -202000,
      "gross_margin": null,
      "op_margin": -0.04243017683027599,
      "fcf_margin": -0.4252740593841238,
      "op_leverage_ratio": 8.021628118026335,
      "fcf_margin_change": 1.732258042087846
    },
    {
      "date": "2021-09-30T00:00:00",
      "quarter_label": "2021-09 (Q3)",
      "revenue": 6787000,
      "gross_profit": null,
      "operating_income": -19569000,
      "net_income": -19590000,
      "opex": 26356000,
      "cogs": null,
      "rd": 21923000,
      "sga": null,
      "fcf": -22268000,
      "ocf": -21494000,
      "capex": -774000,
      "gross_margin": null,
      "op_margin": -2.8833063209076175,
      "fcf_margin": -3.280978340945926,
      "fcf_margin_change": -2.855704281561802
    },
    {
      "date": "2021-12-31T00:00:00",
      "quarter_label": "2021-12 (Q4)",
      "revenue": 5716000,
      "gross_profit": null,
      "operating_income": -21984000,
      "net_income": -22046000,
      "opex": 27700000,
      "cogs": null,
      "rd": 21634000,
      "sga": null,
      "fcf": -17598000,
      "ocf": -16902000,
      "capex": -696000,
      "gross_margin": null,
      "op_margin": -3.846046186144157,
      "fcf_margin": -3.0787263820853745,
      "incr_op_margin_yoy": 3.808231173380035,
      "rev_growth_yoy": -0.3747538831765478,
      "fcf_margin_change": 0.20225195886055136
    },
    {
      "date": "2022-03-31T00:00:00",
      "quarter_label": "2022-03 (Q1)",
      "revenue": 5758000,
      "gross_profit": null,
      "operating_income": -25379000,
      "net_income": -25208000,
      "opex": 31137000,
      "cogs": null,
      "rd": 24330000,
      "sga": null,
      "fcf": -31226000,
      "ocf": -29665000,
      "capex": -1561000,
      "gross_margin": null,
      "op_margin": -4.407606807919416,
      "fcf_margin": -5.423063563737409,
      "rev_growth_yoy": -0.09834011901033511,
      "rev_growth_yoy_accel": 0.27641376416621266,
      "fcf_margin_change": -2.344337181652034
    },
    {
      "date": "2022-06-30T00:00:00",
      "quarter_label": "2022-06 (Q2)",
      "revenue": 5771000,
      "gross_profit": null,
      "operating_income": -25202000,
      "net_income": -24858000,
      "opex": 30973000,
      "cogs": null,
      "rd": 23741000,
      "sga": null,
      "fcf": -33349000,
      "ocf": -31538000,
      "capex": -1811000,
      "gross_margin": null,
      "op_margin": -4.367007451048345,
      "fcf_margin": -5.778721192167735,
      "incr_op_margin_yoy": 1.973167905023421,
      "rev_growth_yoy": -0.68209111441635,
      "rev_growth_yoy_accel": -0.5837509954060148,
      "fcf_margin_change": -0.35565762843032633
    },
    {
      "date": "2022-09-30T00:00:00",
      "quarter_label": "2022-09 (Q3)",
      "revenue": 6920000,
      "gross_profit": null,
      "operating_income": -29923000,
      "net_income": -29050000,
      "opex": 36843000,
      "cogs": null,
      "rd": 28744000,
      "sga": null,
      "fcf": -22890000,
      "ocf": -19611000,
      "capex": -3279000,
      "gross_margin": null,
      "op_margin": -4.324132947976879,
      "fcf_margin": -3.3078034682080926,
      "rev_growth_yoy": 0.019596287019301606,
      "rev_growth_yoy_accel": 0.7016874014356516,
      "op_leverage_ratio": 1.0505437071983899,
      "fcf_margin_change": 2.4709177239596425
    },
    {
      "date": "2022-12-31T00:00:00",
      "quarter_label": "2022-12 (Q4)",
      "revenue": 6411000,
      "gross_profit": null,
      "operating_income": -30567000,
      "net_income": -29060000,
      "opex": 36978000,
      "cogs": null,
      "rd": 29091000,
      "sga": null,
      "fcf": -29307000,
      "ocf": -28266000,
      "capex": -1041000,
      "gross_margin": null,
      "op_margin": -4.767898923724848,
      "fcf_margin": -4.571361722040243,
      "rev_growth_yoy": 0.12158852344296711,
      "rev_growth_yoy_accel": 0.1019922364236655,
      "fcf_margin_change": -1.2635582538321506
    },
    {
      "date": "2023-03-31T00:00:00",
      "quarter_label": "2023-03 (Q1)",
      "revenue": 5766000,
      "gross_profit": null,
      "operating_income": -30286000,
      "net_income": -28008000,
      "opex": 36052000,
      "cogs": null,
      "rd": 28039000,
      "sga": null,
      "fcf": -35527000,
      "ocf": -34907000,
      "capex": -620000,
      "gross_margin": null,
      "op_margin": -5.252514741588623,
      "fcf_margin": -6.161463753035033,
      "rev_growth_yoy": 0.0013893713094824591,
      "rev_growth_yoy_accel": -0.12019915213348466,
      "fcf_margin_change": -1.5901020309947898
    },
    {
      "date": "2023-06-30T00:00:00",
      "quarter_label": "2023-06 (Q2)",
      "revenue": 14598000,
      "gross_profit": null,
      "operating_income": -23247000,
      "net_income": -20710000,
      "opex": 37845000,
      "cogs": null,
      "rd": 28671000,
      "sga": null,
      "fcf": -25137000,
      "ocf": -24473000,
      "capex": -664000,
      "gross_margin": null,
      "op_margin": -1.592478421701603,
      "fcf_margin": -1.7219482120838472,
      "incr_op_margin_yoy": 0.22147955137645858,
      "rev_growth_yoy": 1.5295442730895858,
      "rev_growth_yoy_accel": 1.5281549017801035,
      "op_leverage_ratio": 30.798778693647915,
      "fcf_margin_change": 4.439515540951186
    },
    {
      "date": "2023-09-30T00:00:00",
      "quarter_label": "2023-09 (Q3)",
      "revenue": 10732000,
      "gross_profit": null,
      "operating_income": -25626000,
      "net_income": -22263000,
      "opex": 36358000,
      "cogs": null,
      "rd": 27149000,
      "sga": null,
      "fcf": -31151000,
      "ocf": -31135000,
      "capex": -16000,
      "gross_margin": null,
      "op_margin": -2.3878121505777115,
      "fcf_margin": -2.9026276556093924,
      "incr_op_margin_yoy": 1.1272298006295907,
      "rev_growth_yoy": 0.5508670520231214,
      "rev_growth_yoy_accel": -0.9786772210664645,
      "fcf_margin_change": -1.1806794435255452
    },
    {
      "date": "2023-12-31T00:00:00",
      "quarter_label": "2023-12 (Q4)",
      "revenue": 5431000,
      "gross_profit": null,
      "operating_income": -35013000,
      "net_income": -30763000,
      "opex": 40444000,
      "cogs": null,
      "rd": 31339000,
      "sga": null,
      "fcf": -27693000,
      "ocf": -27467000,
      "capex": -226000,
      "gross_margin": null,
      "op_margin": -6.446879027803351,
      "fcf_margin": -5.0990609464187076,
      "rev_growth_yoy": -0.15286226797691468,
      "rev_growth_yoy_accel": -0.7037293200000361,
      "fcf_margin_change": -2.196433290809315
    },
    {
      "date": "2024-03-31T00:00:00",
      "quarter_label": "2024-03 (Q1)",
      "revenue": 6471000,
      "gross_profit": null,
      "operating_income": -42255000,
      "net_income": -37914000,
      "opex": 48726000,
      "cogs": null,
      "rd": 38065000,
      "sga": null,
      "fcf": -38052000,
      "ocf": -37857000,
      "capex": -195000,
      "gross_margin": null,
      "op_margin": -6.52990264255911,
      "fcf_margin": -5.880389429763561,
      "rev_growth_yoy": 0.1222684703433923,
      "rev_growth_yoy_accel": 0.275130738320307,
      "op_leverage_ratio": 0.9351309090697277,
      "fcf_margin_change": -0.7813284833448533
    },
    {
      "date": "2024-06-30T00:00:00",
      "quarter_label": "2024-06 (Q2)",
      "revenue": 19875000,
      "gross_profit": null,
      "operating_income": -29552000,
      "net_income": -25551000,
      "opex": 49427000,
      "cogs": null,
      "rd": 38654000,
      "sga": null,
      "fcf": -23927000,
      "ocf": -23607000,
      "capex": -320000,
      "gross_margin": null,
      "op_margin": -1.4868930817610062,
      "fcf_margin": -1.203874213836478,
      "incr_op_margin_yoy": -1.1948076558650749,
      "rev_growth_yoy": 0.3614878750513769,
      "rev_growth_yoy_accel": 0.2392194047079846,
      "op_leverage_ratio": 143.98119118525295,
      "fcf_margin_change": 4.676515215927083
    },
    {
      "date": "2024-09-30T00:00:00",
      "quarter_label": "2024-09 (Q3)",
      "revenue": 11607000,
      "gross_profit": null,
      "operating_income": -32878000,
      "net_income": -29167000,
      "opex": 44485000,
      "cogs": null,
      "rd": 33263000,
      "sga": null,
      "fcf": -33505000,
      "ocf": -33390000,
      "capex": -115000,
      "gross_margin": null,
      "op_margin": -2.8326010166278968,
      "fcf_margin": -2.886620143017145,
      "rev_growth_yoy": 0.08153186731270966,
      "rev_growth_yoy_accel": -0.27995600773866725,
      "fcf_margin_change": -1.682745929180667
    },
    {
      "date": "2024-12-31T00:00:00",
      "quarter_label": "2024-12 (Q4)",
      "revenue": 4117000,
      "gross_profit": null,
      "operating_income": -40910000,
      "net_income": -37670000,
      "opex": 45027000,
      "cogs": null,
      "rd": 33937000,
      "sga": null,
      "fcf": -36771000,
      "ocf": -36647000,
      "capex": -124000,
      "gross_margin": null,
      "op_margin": -9.936847218848676,
      "fcf_margin": -8.931503521982025,
      "incr_op_margin_yoy": 4.487823439878234,
      "rev_growth_yoy": -0.24194439329773523,
      "rev_growth_yoy_accel": -0.3234762606104449,
      "fcf_margin_change": -6.0448833789648795
    },
    {
      "date": "2025-03-31T00:00:00",
      "quarter_label": "2025-03 (Q1)",
      "revenue": 5392000,
      "gross_profit": null,
      "operating_income": -42530000,
      "net_income": -39876000,
      "opex": 47922000,
      "cogs": null,
      "rd": 36442000,
      "sga": null,
      "fcf": -41748000,
      "ocf": -41697000,
      "capex": -51000,
      "gross_margin": null,
      "op_margin": -7.8876112759643915,
      "fcf_margin": -7.742581602373887,
      "incr_op_margin_yoy": 0.2548656163113994,
      "rev_growth_yoy": -0.16674393447689692,
      "rev_growth_yoy_accel": 0.07520045882083831,
      "op_leverage_ratio": 4.816746184467033,
      "fcf_margin_change": 1.1889219196081378
    },
    {
      "date": "2025-06-30T00:00:00",
      "quarter_label": "2025-06 (Q2)",
      "revenue": 3181000,
      "gross_profit": null,
      "operating_income": -40967000,
      "net_income": -38853000,
      "opex": 44148000,
      "cogs": null,
      "rd": 32807000,
      "sga": null,
      "fcf": -37143000,
      "ocf": -36519000,
      "capex": -624000,
      "gross_margin": null,
      "op_margin": -12.878654511160013,
      "fcf_margin": -11.6765168186105,
      "incr_op_margin_yoy": 0.6837786030909309,
      "rev_growth_yoy": -0.8399496855345912,
      "rev_growth_yoy_accel": -0.6732057510576942,
      "fcf_margin_change": -3.9339352162366126
    },
    {
      "date": "2025-09-30T00:00:00",
      "quarter_label": "2025-09 (Q3)",
      "revenue": 53811000,
      "gross_profit": null,
      "operating_income": 14072000,
      "net_income": 15884000,
      "opex": 39739000,
      "cogs": null,
      "rd": 30815000,
      "sga": null,
      "fcf": -31103000,
      "ocf": -30952000,
      "capex": -151000,
      "gross_margin": null,
      "op_margin": 0.26150787013807586,
      "fcf_margin": -0.5780044972217576,
      "incr_op_margin_yoy": 1.1124537958487348,
      "rev_growth_yoy": 3.6360816748513827,
      "rev_growth_yoy_accel": 4.476031360385974,
      "op_leverage_ratio": Infinity,
      "fcf_margin_change": 11.098512321388743
    }
  ],
  "signals": [
    {
      "quarter": "2025-09 (Q3)",
      "signal": "FCF MARGIN EXPANSION",
      "detail": "FCF margin: -1167.7% -> -57.8% (+1109.9%)",
      "severity": "MEDIUM"
    },
    {
      "quarter": "2025-09 (Q3)",
      "signal": "YoY REVENUE GROWTH ACCELERATION",
      "detail": "YoY growth: +363.6% vs prior quarter YoY: -84.0% (accel: +447.6%)",
      "severity": "HIGH"
    },
    {
      "quarter": "2025-09 (Q3)",
      "signal": "OP MARGIN TURNED POSITIVE (YoY)",
      "detail": "Op margin: -283.3% (year-ago) -> +26.2%",
      "severity": "HIGH"
    },
    {
      "quarter": "2025-09 (Q3)",
      "signal": "OP MARGIN TURNED POSITIVE (QoQ)",
      "detail": "Op margin: -1287.9% -> +26.2%",
      "severity": "HIGH"
    },
    {
      "quarter": "2025-06 (Q2)",
      "signal": "YoY REVENUE GROWTH DECELERATION",
      "detail": "YoY growth: -84.0% vs prior quarter YoY: -16.7% (decel: -67.3%)",
      "severity": "WARNING"
    },
    {
      "quarter": "2025-03 (Q1)",
      "signal": "FCF MARGIN EXPANSION",
      "detail": "FCF margin: -893.2% -> -774.3% (+118.9%)",
      "severity": "MEDIUM"
    },
    {
      "quarter": "2025-03 (Q1)",
      "signal": "OPERATING LEVERAGE",
      "detail": "Rev growth +31.0% vs OpEx growth +6.4% (leverage: 4.8x)",
      "severity": "MEDIUM"
    },
    {
      "quarter": "2025-03 (Q1)",
      "signal": "YoY REVENUE GROWTH ACCELERATION",
      "detail": "YoY growth: -16.7% vs prior quarter YoY: -24.2% (accel: +7.5%)",
      "severity": "MEDIUM"
    },
    {
      "quarter": "2024-12 (Q4)",
      "signal": "YoY REVENUE GROWTH DECELERATION",
      "detail": "YoY growth: -24.2% vs prior quarter YoY: +8.2% (decel: -32.3%)",
      "severity": "WARNING"
    },
    {
      "quarter": "2024-09 (Q3)",
      "signal": "YoY REVENUE GROWTH DECELERATION",
      "detail": "YoY growth: +8.2% vs prior quarter YoY: +36.1% (decel: -28.0%)",
      "severity": "WARNING"
    },
    {
      "quarter": "2024-06 (Q2)",
      "signal": "FCF MARGIN EXPANSION",
      "detail": "FCF margin: -588.0% -> -120.4% (+467.7%)",
      "severity": "MEDIUM"
    },
    {
      "quarter": "2024-06 (Q2)",
      "signal": "OPERATING LEVERAGE",
      "detail": "Rev growth +207.1% vs OpEx growth +1.4% (leverage: 144.0x)",
      "severity": "MEDIUM"
    },
    {
      "quarter": "2024-06 (Q2)",
      "signal": "YoY REVENUE GROWTH ACCELERATION",
      "detail": "YoY growth: +36.1% vs prior quarter YoY: +12.2% (accel: +23.9%)",
      "severity": "HIGH"
    },
    {
      "quarter": "2024-03 (Q1)",
      "signal": "YoY REVENUE GROWTH ACCELERATION",
      "detail": "YoY growth: +12.2% vs prior quarter YoY: -15.3% (accel: +27.5%)",
      "severity": "HIGH"
    },
    {
      "quarter": "2023-12 (Q4)",
      "signal": "YoY REVENUE GROWTH DECELERATION",
      "detail": "YoY growth: -15.3% vs prior quarter YoY: +55.1% (decel: -70.4%)",
      "severity": "WARNING"
    },
    {
      "quarter": "2023-09 (Q3)",
      "signal": "YoY REVENUE GROWTH DECELERATION",
      "detail": "YoY growth: +55.1% vs prior quarter YoY: +153.0% (decel: -97.9%)",
      "severity": "WARNING"
    },
    {
      "quarter": "2023-06 (Q2)",
      "signal": "FCF MARGIN EXPANSION",
      "detail": "FCF margin: -616.1% -> -172.2% (+444.0%)",
      "severity": "MEDIUM"
    },
    {
      "quarter": "2023-06 (Q2)",
      "signal": "OPERATING LEVERAGE",
      "detail": "Rev growth +153.2% vs OpEx growth +5.0% (leverage: 30.8x)",
      "severity": "MEDIUM"
    },
    {
      "quarter": "2023-06 (Q2)",
      "signal": "YoY REVENUE GROWTH ACCELERATION",
      "detail": "YoY growth: +153.0% vs prior quarter YoY: +0.1% (accel: +152.8%)",
      "severity": "HIGH"
    },
    {
      "quarter": "2023-03 (Q1)",
      "signal": "YoY REVENUE GROWTH DECELERATION",
      "detail": "YoY growth: +0.1% vs prior quarter YoY: +12.2% (decel: -12.0%)",
      "severity": "WARNING"
    },
    {
      "quarter": "2022-12 (Q4)",
      "signal": "YoY REVENUE GROWTH ACCELERATION",
      "detail": "YoY growth: +12.2% vs prior quarter YoY: +2.0% (accel: +10.2%)",
      "severity": "MEDIUM"
    },
    {
      "quarter": "2022-09 (Q3)",
      "signal": "FCF MARGIN EXPANSION",
      "detail": "FCF margin: -577.9% -> -330.8% (+247.1%)",
      "severity": "MEDIUM"
    },
    {
      "quarter": "2022-09 (Q3)",
      "signal": "YoY REVENUE GROWTH ACCELERATION",
      "detail": "YoY growth: +2.0% vs prior quarter YoY: -68.2% (accel: +70.2%)",
      "severity": "HIGH"
    },
    {
      "quarter": "2022-06 (Q2)",
      "signal": "YoY REVENUE GROWTH DECELERATION",
      "detail": "YoY growth: -68.2% vs prior quarter YoY: -9.8% (decel: -58.4%)",
      "severity": "WARNING"
    },
    {
      "quarter": "2022-03 (Q1)",
      "signal": "YoY REVENUE GROWTH ACCELERATION",
      "detail": "YoY growth: -9.8% vs prior quarter YoY: -37.5% (accel: +27.6%)",
      "severity": "HIGH"
    },
    {
      "quarter": "2021-12 (Q4)",
      "signal": "FCF MARGIN EXPANSION",
      "detail": "FCF margin: -328.1% -> -307.9% (+20.2%)",
      "severity": "MEDIUM"
    },
    {
      "quarter": "2021-06 (Q2)",
      "signal": "FCF MARGIN EXPANSION",
      "detail": "FCF margin: -215.8% -> -42.5% (+173.2%)",
      "severity": "MEDIUM"
    },
    {
      "quarter": "2021-06 (Q2)",
      "signal": "OPERATING LEVERAGE",
      "detail": "Rev growth +184.3% vs OpEx growth +23.0% (leverage: 8.0x)",
      "severity": "MEDIUM"
    }
  ],
  "data_quality": {
    "n_quarters": 20,
    "coverage": {
      "revenue": [
        20,
        20
      ],
      "gross_profit": [
        0,
        20
      ],
      "op_income": [
        20,
        20
      ],
      "fcf": [
        20,
        20
      ]
    },
    "gaps": [],
    "warnings": [
      "gross_profit: no data"
    ]
  },
  "market_cap": null,
  "source": "SEC EDGAR",
  "last_updated": "2026-02-02T21:46:00.678658"
}