{
  "ticker": "TNK",
  "name": "TEEKAY TANKERS LTD.",
  "quarters": [
    {
      "date": "2015-09-30T00:00:00",
      "quarter_label": "2015-09 (Q3)",
      "revenue": 126401000,
      "gross_profit": null,
      "operating_income": 44584000,
      "net_income": 41213000,
      "opex": null,
      "cogs": null,
      "rd": null,
      "sga": null,
      "fcf": null,
      "ocf": null,
      "capex": null,
      "gross_margin": null,
      "op_margin": 0.35271872849107205,
      "fcf_margin": null
    },
    {
      "date": "2015-12-31T00:00:00",
      "quarter_label": "2015-12 (Q4)",
      "revenue": 168986000,
      "gross_profit": null,
      "operating_income": 56530000,
      "net_income": 52487000,
      "opex": null,
      "cogs": null,
      "rd": null,
      "sga": null,
      "fcf": null,
      "ocf": null,
      "capex": 289792000,
      "gross_margin": null,
      "op_margin": 0.3345247535298782,
      "fcf_margin": null
    },
    {
      "date": "2016-06-30T00:00:00",
      "quarter_label": "2016-06 (Q2)",
      "revenue": 139621000,
      "gross_profit": null,
      "operating_income": 30751000,
      "net_income": 22486000,
      "opex": null,
      "cogs": null,
      "rd": null,
      "sga": null,
      "fcf": null,
      "ocf": null,
      "capex": null,
      "gross_margin": null,
      "op_margin": 0.22024623803009577,
      "fcf_margin": null
    },
    {
      "date": "2016-09-30T00:00:00",
      "quarter_label": "2016-09 (Q3)",
      "revenue": 104621000,
      "gross_profit": null,
      "operating_income": -3793000,
      "net_income": -5457000,
      "opex": null,
      "cogs": null,
      "rd": null,
      "sga": null,
      "fcf": 67871000,
      "ocf": 70662000,
      "capex": -2791000,
      "gross_margin": null,
      "op_margin": -0.0362546716242437,
      "fcf_margin": 0.6487320901157512,
      "incr_op_margin_yoy": 2.2211662075298437,
      "rev_growth_yoy": -0.17230876338003656
    },
    {
      "date": "2016-12-31T00:00:00",
      "quarter_label": "2016-12 (Q4)",
      "revenue": 117704000,
      "gross_profit": null,
      "operating_income": 5660000,
      "net_income": null,
      "opex": null,
      "cogs": null,
      "rd": null,
      "sga": null,
      "fcf": 23415000,
      "ocf": 25913000,
      "capex": -2498000,
      "gross_margin": null,
      "op_margin": 0.04808672602460409,
      "fcf_margin": 0.19893121729083124,
      "incr_op_margin_yoy": 0.991965991965992,
      "rev_growth_yoy": -0.3034689264199401,
      "rev_growth_yoy_accel": -0.13116016303990355,
      "fcf_margin_change": -0.44980087282491993
    },
    {
      "date": "2017-06-30T00:00:00",
      "quarter_label": "2017-06 (Q2)",
      "revenue": 108789000,
      "gross_profit": 89359000,
      "operating_income": 1587000,
      "net_income": null,
      "opex": 87772000,
      "cogs": 19430000,
      "rd": null,
      "sga": null,
      "fcf": null,
      "ocf": null,
      "capex": null,
      "gross_margin": 0.8213973839266837,
      "op_margin": 0.014587871935581722,
      "fcf_margin": null,
      "incr_op_margin_yoy": 0.9459003632589518,
      "rev_growth_yoy": -0.22082637998581875,
      "rev_growth_yoy_accel": 0.08264254643412136
    },
    {
      "date": "2017-09-30T00:00:00",
      "quarter_label": "2017-09 (Q3)",
      "revenue": 91238000,
      "gross_profit": 72935000,
      "operating_income": -13734000,
      "net_income": null,
      "opex": 86669000,
      "cogs": 18303000,
      "rd": null,
      "sga": null,
      "fcf": 2431000,
      "ocf": 3306000,
      "capex": -875000,
      "gross_margin": 0.7993927968609571,
      "op_margin": -0.1505293846862053,
      "fcf_margin": 0.026644599837786886,
      "incr_op_margin_yoy": 0.7428080400508107,
      "rev_growth_yoy": -0.12791886906070482,
      "rev_growth_yoy_accel": 0.09290751092511393
    },
    {
      "date": "2017-12-31T00:00:00",
      "quarter_label": "2017-12 (Q4)",
      "revenue": 100666000,
      "gross_profit": 84786000,
      "operating_income": 2822000,
      "net_income": null,
      "opex": 81964000,
      "cogs": 15880000,
      "rd": null,
      "sga": null,
      "fcf": 11423000,
      "ocf": 12652000,
      "capex": -1229000,
      "gross_margin": 0.8422506109311982,
      "op_margin": 0.02803329823376314,
      "fcf_margin": 0.1134742614189498,
      "incr_op_margin_yoy": 0.1665688461086982,
      "rev_growth_yoy": -0.1447529395772446,
      "rev_growth_yoy_accel": -0.01683407051653979,
      "op_leverage_ratio": Infinity,
      "fcf_margin_change": 0.08682966158116291
    },
    {
      "date": "2018-06-30T00:00:00",
      "quarter_label": "2018-06 (Q2)",
      "revenue": 171659000,
      "gross_profit": 84726000,
      "operating_income": -13415000,
      "net_income": null,
      "opex": 98141000,
      "cogs": 86933000,
      "rd": null,
      "sga": null,
      "fcf": null,
      "ocf": null,
      "capex": null,
      "gross_margin": 0.4935715575647068,
      "op_margin": -0.07814912122288957,
      "fcf_margin": null,
      "incr_op_margin_yoy": -0.23861937331000477,
      "rev_growth_yoy": 0.5779076928733604,
      "rev_growth_yoy_accel": 0.7226606324506051,
      "op_leverage_ratio": 3.573204529908451
    },
    {
      "date": "2018-09-30T00:00:00",
      "quarter_label": "2018-09 (Q3)",
      "revenue": 175915000,
      "gross_profit": 92867000,
      "operating_income": -2166000,
      "net_income": null,
      "opex": 95033000,
      "cogs": 83048000,
      "rd": null,
      "sga": null,
      "fcf": -17171000,
      "ocf": -15915000,
      "capex": -1256000,
      "gross_margin": 0.5279083648352898,
      "op_margin": -0.012312764687491118,
      "fcf_margin": -0.0976096410198107,
      "incr_op_margin_yoy": 0.13661324798941862,
      "rev_growth_yoy": 0.9280891733707446,
      "rev_growth_yoy_accel": 0.3501814804973842,
      "op_leverage_ratio": Infinity
    },
    {
      "date": "2018-12-31T00:00:00",
      "quarter_label": "2018-12 (Q4)",
      "revenue": 239724000,
      "gross_profit": 129122000,
      "operating_income": 31206000,
      "net_income": null,
      "opex": 97916000,
      "cogs": 110602000,
      "rd": null,
      "sga": null,
      "fcf": -4182000,
      "ocf": -1818000,
      "capex": -2364000,
      "gross_margin": 0.538627755251873,
      "op_margin": 0.13017470090604194,
      "fcf_margin": -0.01744506182109426,
      "incr_op_margin_yoy": 0.2041162680320442,
      "rev_growth_yoy": 1.3813800091391333,
      "rev_growth_yoy_accel": 0.4532908357683887,
      "op_leverage_ratio": 11.956631999208854,
      "fcf_margin_change": 0.08016457919871645
    },
    {
      "date": "2019-06-30T00:00:00",
      "quarter_label": "2019-06 (Q2)",
      "revenue": 202277000,
      "gross_profit": 109609000,
      "operating_income": 5051000,
      "net_income": null,
      "opex": 104558000,
      "cogs": 92668000,
      "rd": null,
      "sga": null,
      "fcf": null,
      "ocf": null,
      "capex": null,
      "gross_margin": 0.5418757446471917,
      "op_margin": 0.024970708483910677,
      "fcf_margin": null,
      "incr_op_margin_yoy": 0.6031092821216278,
      "rev_growth_yoy": 0.17836524737998008,
      "rev_growth_yoy_accel": -1.2030147617591531
    },
    {
      "date": "2019-09-30T00:00:00",
      "quarter_label": "2019-09 (Q3)",
      "revenue": 182304000,
      "gross_profit": 94578000,
      "operating_income": -4873000,
      "net_income": null,
      "opex": 99451000,
      "cogs": 87726000,
      "rd": null,
      "sga": null,
      "fcf": -2248000,
      "ocf": -1583000,
      "capex": -665000,
      "gross_margin": 0.518792785676672,
      "op_margin": -0.026730077233631737,
      "fcf_margin": -0.012331051430577496,
      "incr_op_margin_yoy": -0.4236969791829707,
      "rev_growth_yoy": 0.03631867663360146,
      "rev_growth_yoy_accel": -0.1420465707463786
    },
    {
      "date": "2019-12-31T00:00:00",
      "quarter_label": "2019-12 (Q4)",
      "revenue": 326835000,
      "gross_profit": 202274000,
      "operating_income": 91608000,
      "net_income": null,
      "opex": 110666000,
      "cogs": 124561000,
      "rd": null,
      "sga": null,
      "fcf": 50460000,
      "ocf": 54878000,
      "capex": -4418000,
      "gross_margin": 0.6188872060825799,
      "op_margin": 0.2802882188260131,
      "fcf_margin": 0.154389829730598,
      "incr_op_margin_yoy": 0.693391190549988,
      "rev_growth_yoy": 0.3633803874455624,
      "rev_growth_yoy_accel": 0.32706171081196095,
      "op_leverage_ratio": 7.0303134105474,
      "fcf_margin_change": 0.1667208811611755
    },
    {
      "date": "2020-06-30T00:00:00",
      "quarter_label": "2020-06 (Q2)",
      "revenue": 246492000,
      "gross_profit": 184934000,
      "operating_income": 92986000,
      "net_income": null,
      "opex": 91948000,
      "cogs": 61558000,
      "rd": null,
      "sga": null,
      "fcf": null,
      "ocf": null,
      "capex": null,
      "gross_margin": 0.7502637002417928,
      "op_margin": 0.3772373951284423,
      "fcf_margin": null,
      "incr_op_margin_yoy": 1.9888047042858759,
      "rev_growth_yoy": 0.21858639390538717,
      "rev_growth_yoy_accel": -0.14479399354017522
    },
    {
      "date": "2020-09-30T00:00:00",
      "quarter_label": "2020-09 (Q3)",
      "revenue": 170240000,
      "gross_profit": 112463000,
      "operating_income": -29193000,
      "net_income": null,
      "opex": 141656000,
      "cogs": 57777000,
      "rd": null,
      "sga": null,
      "fcf": 37135000,
      "ocf": 42940000,
      "capex": -5805000,
      "gross_margin": 0.6606144266917293,
      "op_margin": -0.17148143796992482,
      "fcf_margin": 0.21813322368421054,
      "incr_op_margin_yoy": 2.0159151193633953,
      "rev_growth_yoy": -0.06617517991925576,
      "rev_growth_yoy_accel": -0.28476157382464296
    },
    {
      "date": "2020-12-31T00:00:00",
      "quarter_label": "2020-12 (Q4)",
      "revenue": 127802000,
      "gross_profit": 69153000,
      "operating_income": -42346000,
      "net_income": null,
      "opex": 111499000,
      "cogs": 58649000,
      "rd": null,
      "sga": null,
      "fcf": -7012000,
      "ocf": 132000,
      "capex": -7144000,
      "gross_margin": 0.5410948185474406,
      "op_margin": -0.3313406675951863,
      "fcf_margin": -0.05486612103096978,
      "incr_op_margin_yoy": 0.6730240713851472,
      "rev_growth_yoy": -0.6089708874508544,
      "rev_growth_yoy_accel": -0.5427957075315986,
      "fcf_margin_change": -0.27299934471518034
    },
    {
      "date": "2021-06-30T00:00:00",
      "quarter_label": "2021-06 (Q2)",
      "revenue": 123420000,
      "gross_profit": 51647000,
      "operating_income": -119434000,
      "net_income": null,
      "opex": 171081000,
      "cogs": 71773000,
      "rd": null,
      "sga": null,
      "fcf": null,
      "ocf": null,
      "capex": null,
      "gross_margin": 0.4184654026900016,
      "op_margin": -0.9677037757251661,
      "fcf_margin": null,
      "incr_op_margin_yoy": 1.7259815392615705,
      "rev_growth_yoy": -0.49929409473735453,
      "rev_growth_yoy_accel": 0.10967679271349984
    },
    {
      "date": "2021-09-30T00:00:00",
      "quarter_label": "2021-09 (Q3)",
      "revenue": 115890000,
      "gross_profit": 37555000,
      "operating_income": -41494000,
      "net_income": null,
      "opex": 79049000,
      "cogs": 78335000,
      "rd": null,
      "sga": null,
      "fcf": -46333000,
      "ocf": -38402000,
      "capex": -7931000,
      "gross_margin": 0.32405729571145053,
      "op_margin": -0.35804642333247044,
      "fcf_margin": -0.3998015359392527,
      "incr_op_margin_yoy": 0.22632934682612696,
      "rev_growth_yoy": -0.31925516917293234,
      "rev_growth_yoy_accel": 0.1800389255644222
    },
    {
      "date": "2021-12-31T00:00:00",
      "quarter_label": "2021-12 (Q4)",
      "revenue": 160308000,
      "gross_profit": 64340000,
      "operating_income": -21324000,
      "net_income": null,
      "opex": 85664000,
      "cogs": 95968000,
      "rd": null,
      "sga": null,
      "fcf": -29484000,
      "ocf": -23205000,
      "capex": -6279000,
      "gross_margin": 0.40135239663647476,
      "op_margin": -0.13301893854330413,
      "fcf_margin": -0.18392095216707838,
      "incr_op_margin_yoy": 0.6467113763612872,
      "rev_growth_yoy": 0.2543465673463639,
      "rev_growth_yoy_accel": 0.5736017365192962,
      "op_leverage_ratio": 4.580148600528025,
      "fcf_margin_change": 0.21588058377217434
    }
  ],
  "signals": [
    {
      "quarter": "2021-12 (Q4)",
      "signal": "FCF MARGIN EXPANSION",
      "detail": "FCF margin: -40.0% -> -18.4% (+21.6%)",
      "severity": "MEDIUM"
    },
    {
      "quarter": "2021-12 (Q4)",
      "signal": "OPERATING LEVERAGE",
      "detail": "Rev growth +38.3% vs OpEx growth +8.4% (leverage: 4.6x)",
      "severity": "MEDIUM"
    },
    {
      "quarter": "2021-12 (Q4)",
      "signal": "GROSS MARGIN INFLECTION",
      "detail": "GM: +41.8% -> +32.4% -> +40.1% (reversal +7.7%)",
      "severity": "HIGH"
    },
    {
      "quarter": "2021-12 (Q4)",
      "signal": "YoY REVENUE GROWTH ACCELERATION",
      "detail": "YoY growth: +25.4% vs prior quarter YoY: -31.9% (accel: +57.4%)",
      "severity": "HIGH"
    },
    {
      "quarter": "2021-09 (Q3)",
      "signal": "YoY REVENUE GROWTH ACCELERATION",
      "detail": "YoY growth: -31.9% vs prior quarter YoY: -49.9% (accel: +18.0%)",
      "severity": "HIGH"
    },
    {
      "quarter": "2021-06 (Q2)",
      "signal": "YoY REVENUE GROWTH ACCELERATION",
      "detail": "YoY growth: -49.9% vs prior quarter YoY: -60.9% (accel: +11.0%)",
      "severity": "MEDIUM"
    },
    {
      "quarter": "2020-12 (Q4)",
      "signal": "YoY REVENUE GROWTH DECELERATION",
      "detail": "YoY growth: -60.9% vs prior quarter YoY: -6.6% (decel: -54.3%)",
      "severity": "WARNING"
    },
    {
      "quarter": "2020-09 (Q3)",
      "signal": "YoY REVENUE GROWTH DECELERATION",
      "detail": "YoY growth: -6.6% vs prior quarter YoY: +21.9% (decel: -28.5%)",
      "severity": "WARNING"
    },
    {
      "quarter": "2020-06 (Q2)",
      "signal": "YoY REVENUE GROWTH DECELERATION",
      "detail": "YoY growth: +21.9% vs prior quarter YoY: +36.3% (decel: -14.5%)",
      "severity": "WARNING"
    },
    {
      "quarter": "2020-06 (Q2)",
      "signal": "INCREMENTAL MARGIN (YoY)",
      "detail": "YoY Incr OPM: +198.9% vs year-ago OPM: +2.5%",
      "severity": "HIGH"
    },
    {
      "quarter": "2019-12 (Q4)",
      "signal": "FCF TURNED POSITIVE",
      "detail": "FCF margin: -1.2% -> +15.4%",
      "severity": "HIGH"
    },
    {
      "quarter": "2019-12 (Q4)",
      "signal": "OPERATING LEVERAGE",
      "detail": "Rev growth +79.3% vs OpEx growth +11.3% (leverage: 7.0x)",
      "severity": "MEDIUM"
    },
    {
      "quarter": "2019-12 (Q4)",
      "signal": "GROSS MARGIN INFLECTION",
      "detail": "GM: +54.2% -> +51.9% -> +61.9% (reversal +10.0%)",
      "severity": "HIGH"
    },
    {
      "quarter": "2019-12 (Q4)",
      "signal": "YoY REVENUE GROWTH ACCELERATION",
      "detail": "YoY growth: +36.3% vs prior quarter YoY: +3.6% (accel: +32.7%)",
      "severity": "HIGH"
    },
    {
      "quarter": "2019-12 (Q4)",
      "signal": "INCREMENTAL MARGIN (YoY)",
      "detail": "YoY Incr OPM: +69.3% vs year-ago OPM: +13.0%",
      "severity": "HIGH"
    },
    {
      "quarter": "2019-12 (Q4)",
      "signal": "OP MARGIN TURNED POSITIVE (QoQ)",
      "detail": "Op margin: -2.7% -> +28.0%",
      "severity": "HIGH"
    },
    {
      "quarter": "2019-09 (Q3)",
      "signal": "YoY REVENUE GROWTH DECELERATION",
      "detail": "YoY growth: +3.6% vs prior quarter YoY: +17.8% (decel: -14.2%)",
      "severity": "WARNING"
    },
    {
      "quarter": "2019-06 (Q2)",
      "signal": "YoY REVENUE GROWTH DECELERATION",
      "detail": "YoY growth: +17.8% vs prior quarter YoY: +138.1% (decel: -120.3%)",
      "severity": "WARNING"
    },
    {
      "quarter": "2019-06 (Q2)",
      "signal": "OP MARGIN TURNED POSITIVE (YoY)",
      "detail": "Op margin: -7.8% (year-ago) -> +2.5%",
      "severity": "HIGH"
    },
    {
      "quarter": "2018-12 (Q4)",
      "signal": "FCF MARGIN EXPANSION",
      "detail": "FCF margin: -9.8% -> -1.7% (+8.0%)",
      "severity": "MEDIUM"
    },
    {
      "quarter": "2018-12 (Q4)",
      "signal": "OPERATING LEVERAGE",
      "detail": "Rev growth +36.3% vs OpEx growth +3.0% (leverage: 12.0x)",
      "severity": "MEDIUM"
    },
    {
      "quarter": "2018-12 (Q4)",
      "signal": "YoY REVENUE GROWTH ACCELERATION",
      "detail": "YoY growth: +138.1% vs prior quarter YoY: +92.8% (accel: +45.3%)",
      "severity": "HIGH"
    },
    {
      "quarter": "2018-12 (Q4)",
      "signal": "INCREMENTAL MARGIN (YoY)",
      "detail": "YoY Incr OPM: +20.4% vs year-ago OPM: +2.8%",
      "severity": "MEDIUM"
    },
    {
      "quarter": "2018-12 (Q4)",
      "signal": "OP MARGIN TURNED POSITIVE (QoQ)",
      "detail": "Op margin: -1.2% -> +13.0%",
      "severity": "HIGH"
    },
    {
      "quarter": "2018-09 (Q3)",
      "signal": "GROSS MARGIN INFLECTION",
      "detail": "GM: +84.2% -> +49.4% -> +52.8% (reversal +3.4%)",
      "severity": "MEDIUM"
    },
    {
      "quarter": "2018-09 (Q3)",
      "signal": "YoY REVENUE GROWTH ACCELERATION",
      "detail": "YoY growth: +92.8% vs prior quarter YoY: +57.8% (accel: +35.0%)",
      "severity": "HIGH"
    },
    {
      "quarter": "2018-06 (Q2)",
      "signal": "OPERATING LEVERAGE",
      "detail": "Rev growth +70.5% vs OpEx growth +19.7% (leverage: 3.6x)",
      "severity": "MEDIUM"
    },
    {
      "quarter": "2018-06 (Q2)",
      "signal": "YoY REVENUE GROWTH ACCELERATION",
      "detail": "YoY growth: +57.8% vs prior quarter YoY: -14.5% (accel: +72.3%)",
      "severity": "HIGH"
    },
    {
      "quarter": "2017-12 (Q4)",
      "signal": "FCF MARGIN EXPANSION",
      "detail": "FCF margin: +2.7% -> +11.3% (+8.7%)",
      "severity": "MEDIUM"
    },
    {
      "quarter": "2017-12 (Q4)",
      "signal": "GROSS MARGIN INFLECTION",
      "detail": "GM: +82.1% -> +79.9% -> +84.2% (reversal +4.3%)",
      "severity": "MEDIUM"
    },
    {
      "quarter": "2017-12 (Q4)",
      "signal": "INCREMENTAL MARGIN (YoY)",
      "detail": "YoY Incr OPM: +16.7% vs year-ago OPM: +4.8%",
      "severity": "MEDIUM"
    },
    {
      "quarter": "2017-12 (Q4)",
      "signal": "OP MARGIN TURNED POSITIVE (QoQ)",
      "detail": "Op margin: -15.1% -> +2.8%",
      "severity": "HIGH"
    },
    {
      "quarter": "2017-09 (Q3)",
      "signal": "YoY REVENUE GROWTH ACCELERATION",
      "detail": "YoY growth: -12.8% vs prior quarter YoY: -22.1% (accel: +9.3%)",
      "severity": "MEDIUM"
    },
    {
      "quarter": "2017-06 (Q2)",
      "signal": "YoY REVENUE GROWTH ACCELERATION",
      "detail": "YoY growth: -22.1% vs prior quarter YoY: -30.3% (accel: +8.3%)",
      "severity": "MEDIUM"
    },
    {
      "quarter": "2017-06 (Q2)",
      "signal": "INCREMENTAL MARGIN (YoY)",
      "detail": "YoY Incr OPM: +94.6% vs year-ago OPM: +22.0%",
      "severity": "HIGH"
    },
    {
      "quarter": "2016-12 (Q4)",
      "signal": "YoY REVENUE GROWTH DECELERATION",
      "detail": "YoY growth: -30.3% vs prior quarter YoY: -17.2% (decel: -13.1%)",
      "severity": "WARNING"
    },
    {
      "quarter": "2016-12 (Q4)",
      "signal": "INCREMENTAL MARGIN (YoY)",
      "detail": "YoY Incr OPM: +99.2% vs year-ago OPM: +33.5%",
      "severity": "HIGH"
    },
    {
      "quarter": "2016-12 (Q4)",
      "signal": "OP MARGIN TURNED POSITIVE (QoQ)",
      "detail": "Op margin: -3.6% -> +4.8%",
      "severity": "HIGH"
    }
  ],
  "data_quality": {
    "n_quarters": 20,
    "coverage": {
      "revenue": [
        20,
        20
      ],
      "gross_profit": [
        15,
        20
      ],
      "op_income": [
        20,
        20
      ],
      "fcf": [
        12,
        20
      ]
    },
    "gaps": [
      [
        "2015-12 (Q4)",
        "2016-06 (Q2)",
        182
      ],
      [
        "2016-12 (Q4)",
        "2017-06 (Q2)",
        181
      ],
      [
        "2017-12 (Q4)",
        "2018-06 (Q2)",
        181
      ],
      [
        "2018-12 (Q4)",
        "2019-06 (Q2)",
        181
      ],
      [
        "2019-12 (Q4)",
        "2020-06 (Q2)",
        182
      ],
      [
        "2020-12 (Q4)",
        "2021-06 (Q2)",
        181
      ]
    ],
    "warnings": [
      "gross_profit: 15/20Q",
      "fcf: 12/20Q",
      "gap: 1Q missing between 2015-12 (Q4) and 2016-06 (Q2)",
      "gap: 1Q missing between 2016-12 (Q4) and 2017-06 (Q2)",
      "gap: 1Q missing between 2017-12 (Q4) and 2018-06 (Q2)",
      "gap: 1Q missing between 2018-12 (Q4) and 2019-06 (Q2)",
      "gap: 1Q missing between 2019-12 (Q4) and 2020-06 (Q2)",
      "gap: 1Q missing between 2020-12 (Q4) and 2021-06 (Q2)"
    ]
  },
  "market_cap": null,
  "source": "SEC EDGAR",
  "last_updated": "2026-02-02T21:34:40.450747"
}