{
  "ticker": "TOON",
  "name": "KARTOON STUDIOS, INC.",
  "quarters": [
    {
      "date": "2020-12-31T00:00:00",
      "quarter_label": "2020-12 (Q4)",
      "revenue": 1312717,
      "gross_profit": null,
      "operating_income": -10385061,
      "net_income": -10568650,
      "opex": 11697778,
      "cogs": null,
      "rd": null,
      "sga": null,
      "fcf": -2621748,
      "ocf": -2578174,
      "capex": -43574,
      "gross_margin": null,
      "op_margin": -7.911119456821234,
      "fcf_margin": -1.9971920832898484
    },
    {
      "date": "2021-03-31T00:00:00",
      "quarter_label": "2021-03 (Q1)",
      "revenue": 1064263,
      "gross_profit": null,
      "operating_income": -6719859,
      "net_income": -76258943,
      "opex": 7784122,
      "cogs": null,
      "rd": null,
      "sga": null,
      "fcf": -5657000,
      "ocf": -5640000,
      "capex": -17000,
      "gross_margin": null,
      "op_margin": -6.3140962337317,
      "fcf_margin": -5.315415456517797,
      "fcf_margin_change": -3.3182233732279482
    },
    {
      "date": "2021-06-30T00:00:00",
      "quarter_label": "2021-06 (Q2)",
      "revenue": 2342205,
      "gross_profit": null,
      "operating_income": -7574129,
      "net_income": -7383978,
      "opex": 9916334,
      "cogs": null,
      "rd": null,
      "sga": null,
      "fcf": -3309000,
      "ocf": -3201000,
      "capex": -108000,
      "gross_margin": null,
      "op_margin": -3.233760067970139,
      "fcf_margin": -1.4127712988401955,
      "op_leverage_ratio": 4.383706108551849,
      "fcf_margin_change": 3.902644157677601
    },
    {
      "date": "2021-09-30T00:00:00",
      "quarter_label": "2021-09 (Q3)",
      "revenue": 1871449,
      "gross_profit": null,
      "operating_income": -9834460,
      "net_income": -9253380,
      "opex": 11705909,
      "cogs": null,
      "rd": null,
      "sga": null,
      "fcf": -7208000,
      "ocf": -7124000,
      "capex": -84000,
      "gross_margin": null,
      "op_margin": -5.254997598117822,
      "fcf_margin": -3.851561009677528,
      "fcf_margin_change": -2.4387897108373324
    },
    {
      "date": "2021-12-31T00:00:00",
      "quarter_label": "2021-12 (Q4)",
      "revenue": 2595084,
      "gross_profit": null,
      "operating_income": -39615831,
      "net_income": -33460029,
      "opex": 42210915,
      "cogs": null,
      "rd": null,
      "sga": null,
      "fcf": -7947000,
      "ocf": -7854000,
      "capex": -93000,
      "gross_margin": null,
      "op_margin": -15.265722034431255,
      "fcf_margin": -3.06232861826438,
      "incr_op_margin_yoy": -22.79438725419478,
      "rev_growth_yoy": 0.976880012980711,
      "op_leverage_ratio": 0.14838007856526858,
      "fcf_margin_change": 0.7892323914131478
    },
    {
      "date": "2022-03-31T00:00:00",
      "quarter_label": "2022-03 (Q1)",
      "revenue": 1441000,
      "gross_profit": null,
      "operating_income": -9920000,
      "net_income": -4531000,
      "opex": 11361000,
      "cogs": null,
      "rd": null,
      "sga": null,
      "fcf": -5424000,
      "ocf": -5363000,
      "capex": -61000,
      "gross_margin": null,
      "op_margin": -6.884108258154059,
      "fcf_margin": -3.764052741151978,
      "rev_growth_yoy": 0.35398862875060016,
      "rev_growth_yoy_accel": -0.6228913842301109,
      "fcf_margin_change": -0.7017241228875979
    },
    {
      "date": "2022-06-30T00:00:00",
      "quarter_label": "2022-06 (Q2)",
      "revenue": 22124000,
      "gross_profit": null,
      "operating_income": -8601000,
      "net_income": -13343000,
      "opex": 30725000,
      "cogs": null,
      "rd": null,
      "sga": null,
      "fcf": -12521000,
      "ocf": -12181000,
      "capex": -340000,
      "gross_margin": null,
      "op_margin": -0.3887633339359971,
      "fcf_margin": -0.5659464834568794,
      "incr_op_margin_yoy": -0.05190989998632581,
      "rev_growth_yoy": 8.445800004696428,
      "rev_growth_yoy_accel": 8.091811375945829,
      "op_leverage_ratio": 8.421142899369986,
      "fcf_margin_change": 3.1981062576950987
    },
    {
      "date": "2022-09-30T00:00:00",
      "quarter_label": "2022-09 (Q3)",
      "revenue": 19679000,
      "gross_profit": null,
      "operating_income": -5439000,
      "net_income": -11218000,
      "opex": 25118000,
      "cogs": null,
      "rd": null,
      "sga": null,
      "fcf": -6541000,
      "ocf": -6483000,
      "capex": -58000,
      "gross_margin": null,
      "op_margin": -0.2763859952233345,
      "fcf_margin": -0.3323847756491692,
      "incr_op_margin_yoy": 0.24683124591360148,
      "rev_growth_yoy": 9.515381396981697,
      "rev_growth_yoy_accel": 1.0695813922852686,
      "fcf_margin_change": 0.23356170780771018
    },
    {
      "date": "2022-12-31T00:00:00",
      "quarter_label": "2022-12 (Q4)",
      "revenue": 19055000,
      "gross_profit": null,
      "operating_income": -19760000,
      "net_income": -16507000,
      "opex": 38815000,
      "cogs": null,
      "rd": null,
      "sga": null,
      "fcf": -2029000,
      "ocf": -1896000,
      "capex": -133000,
      "gross_margin": null,
      "op_margin": -1.0369981632117555,
      "fcf_margin": -0.10648123852007348,
      "incr_op_margin_yoy": 1.2063142363545476,
      "rev_growth_yoy": 6.342729560969896,
      "rev_growth_yoy_accel": -3.1726518360118012,
      "fcf_margin_change": 0.22590353712909572
    },
    {
      "date": "2023-03-31T00:00:00",
      "quarter_label": "2023-03 (Q1)",
      "revenue": 14189000,
      "gross_profit": null,
      "operating_income": -21996000,
      "net_income": -24762000,
      "opex": 36185000,
      "cogs": null,
      "rd": null,
      "sga": null,
      "fcf": -5182000,
      "ocf": -5165000,
      "capex": -17000,
      "gross_margin": null,
      "op_margin": -1.5502149552470224,
      "fcf_margin": -0.36521248854746635,
      "incr_op_margin_yoy": -0.9472858487605899,
      "rev_growth_yoy": 8.846634281748786,
      "rev_growth_yoy_accel": 2.5039047207788903,
      "fcf_margin_change": -0.2587312500273929
    },
    {
      "date": "2023-06-30T00:00:00",
      "quarter_label": "2023-06 (Q2)",
      "revenue": 11038000,
      "gross_profit": null,
      "operating_income": -8563000,
      "net_income": -15230000,
      "opex": 19601000,
      "cogs": null,
      "rd": null,
      "sga": null,
      "fcf": -5443000,
      "ocf": -5422000,
      "capex": -21000,
      "gross_margin": null,
      "op_margin": -0.7757745968472549,
      "fcf_margin": -0.4931146946910672,
      "incr_op_margin_yoy": -0.0034277467075590836,
      "rev_growth_yoy": -0.501084794792985,
      "rev_growth_yoy_accel": -9.347719076541772,
      "fcf_margin_change": -0.12790220614360087
    },
    {
      "date": "2023-09-30T00:00:00",
      "quarter_label": "2023-09 (Q3)",
      "revenue": 10072000,
      "gross_profit": null,
      "operating_income": -12604000,
      "net_income": -15476000,
      "opex": 22676000,
      "cogs": null,
      "rd": null,
      "sga": null,
      "fcf": -9611000,
      "ocf": -9581000,
      "capex": -30000,
      "gross_margin": null,
      "op_margin": -1.2513899920571883,
      "fcf_margin": -0.95422954725973,
      "incr_op_margin_yoy": 0.7458103466222546,
      "rev_growth_yoy": -0.48818537527313377,
      "rev_growth_yoy_accel": 0.012899419519851185,
      "fcf_margin_change": -0.46111485256866275
    },
    {
      "date": "2023-12-31T00:00:00",
      "quarter_label": "2023-12 (Q4)",
      "revenue": 8809000,
      "gross_profit": null,
      "operating_income": -29184000,
      "net_income": -21635000,
      "opex": 37993000,
      "cogs": null,
      "rd": null,
      "sga": null,
      "fcf": 4072000,
      "ocf": 4076000,
      "capex": -4000,
      "gross_margin": null,
      "op_margin": -3.312975366102849,
      "fcf_margin": 0.46225451243046883,
      "incr_op_margin_yoy": 0.9197735701737263,
      "rev_growth_yoy": -0.5377066386775124,
      "rev_growth_yoy_accel": -0.04952126340437868,
      "fcf_margin_change": 1.4164840596901989
    },
    {
      "date": "2024-03-31T00:00:00",
      "quarter_label": "2024-03 (Q1)",
      "revenue": 6078000,
      "gross_profit": null,
      "operating_income": -6294000,
      "net_income": -7045000,
      "opex": 12372000,
      "cogs": null,
      "rd": null,
      "sga": null,
      "fcf": 3811000,
      "ocf": 3845000,
      "capex": -34000,
      "gross_margin": null,
      "op_margin": -1.035538005923001,
      "fcf_margin": 0.6270154656136887,
      "incr_op_margin_yoy": -1.9358895327333252,
      "rev_growth_yoy": -0.5716400028190852,
      "rev_growth_yoy_accel": -0.033933364141572775,
      "fcf_margin_change": 0.16476095318321987
    },
    {
      "date": "2024-06-30T00:00:00",
      "quarter_label": "2024-06 (Q2)",
      "revenue": 8384000,
      "gross_profit": null,
      "operating_income": -4661000,
      "net_income": -5873000,
      "opex": 13045000,
      "cogs": null,
      "rd": null,
      "sga": null,
      "fcf": -6499000,
      "ocf": -6499000,
      "capex": null,
      "gross_margin": null,
      "op_margin": -0.5559398854961832,
      "fcf_margin": -0.7751669847328244,
      "incr_op_margin_yoy": -1.4702336096458177,
      "rev_growth_yoy": -0.24044210907773148,
      "rev_growth_yoy_accel": 0.3311978937413538,
      "op_leverage_ratio": 6.9746666295073405,
      "fcf_margin_change": -1.4021824503465132
    },
    {
      "date": "2024-09-30T00:00:00",
      "quarter_label": "2024-09 (Q3)",
      "revenue": 8708000,
      "gross_profit": null,
      "operating_income": -2547000,
      "net_income": -2057000,
      "opex": 11255000,
      "cogs": null,
      "rd": null,
      "sga": null,
      "fcf": 1491000,
      "ocf": 1527000,
      "capex": -36000,
      "gross_margin": null,
      "op_margin": -0.29248966467615983,
      "fcf_margin": 0.1712218649517685,
      "incr_op_margin_yoy": -7.37316715542522,
      "rev_growth_yoy": -0.13542494042891184,
      "rev_growth_yoy_accel": 0.10501716864881963,
      "op_leverage_ratio": Infinity,
      "fcf_margin_change": 0.9463888496845929
    },
    {
      "date": "2024-12-31T00:00:00",
      "quarter_label": "2024-12 (Q4)",
      "revenue": 9421000,
      "gross_profit": null,
      "operating_income": -3494000,
      "net_income": -5764000,
      "opex": 12915000,
      "cogs": null,
      "rd": null,
      "sga": null,
      "fcf": -2409000,
      "ocf": -2362000,
      "capex": -47000,
      "gross_margin": null,
      "op_margin": -0.37087358029933126,
      "fcf_margin": -0.2557053391359728,
      "rev_growth_yoy": 0.06947440118061074,
      "rev_growth_yoy_accel": 0.20489934160952258,
      "op_leverage_ratio": 0.5551476692253626,
      "fcf_margin_change": -0.4269272040877413
    },
    {
      "date": "2025-03-31T00:00:00",
      "quarter_label": "2025-03 (Q1)",
      "revenue": 9504000,
      "gross_profit": null,
      "operating_income": -3079000,
      "net_income": -6526000,
      "opex": 12583000,
      "cogs": null,
      "rd": null,
      "sga": null,
      "fcf": -1842000,
      "ocf": -1822000,
      "capex": -20000,
      "gross_margin": null,
      "op_margin": -0.3239688552188552,
      "fcf_margin": -0.19381313131313133,
      "incr_op_margin_yoy": 0.9384121424401635,
      "rev_growth_yoy": 0.5636722606120435,
      "rev_growth_yoy_accel": 0.4941978594314327,
      "fcf_margin_change": 0.061892207822841494
    },
    {
      "date": "2025-06-30T00:00:00",
      "quarter_label": "2025-06 (Q2)",
      "revenue": 10279000,
      "gross_profit": null,
      "operating_income": -3215000,
      "net_income": -6163000,
      "opex": 13494000,
      "cogs": null,
      "rd": null,
      "sga": null,
      "fcf": -4528000,
      "ocf": -4468000,
      "capex": -60000,
      "gross_margin": null,
      "op_margin": -0.3127736161105166,
      "fcf_margin": -0.44050977721568246,
      "incr_op_margin_yoy": 0.7630606860158311,
      "rev_growth_yoy": 0.22602576335877864,
      "rev_growth_yoy_accel": -0.3376464972532648,
      "op_leverage_ratio": 1.1263181808941962,
      "fcf_margin_change": -0.24669664590255114
    },
    {
      "date": "2025-09-30T00:00:00",
      "quarter_label": "2025-09 (Q3)",
      "revenue": 9877000,
      "gross_profit": null,
      "operating_income": -2896000,
      "net_income": -6570000,
      "opex": 12773000,
      "cogs": null,
      "rd": null,
      "sga": null,
      "fcf": -5533000,
      "ocf": -5497000,
      "capex": -36000,
      "gross_margin": null,
      "op_margin": -0.2932064392021869,
      "fcf_margin": -0.5601903411967196,
      "incr_op_margin_yoy": -0.2985457656116339,
      "rev_growth_yoy": 0.1342443729903537,
      "rev_growth_yoy_accel": -0.09178139036842495,
      "fcf_margin_change": -0.11968056398103716
    }
  ],
  "signals": [
    {
      "quarter": "2025-09 (Q3)",
      "signal": "YoY REVENUE GROWTH DECELERATION",
      "detail": "YoY growth: +13.4% vs prior quarter YoY: +22.6% (decel: -9.2%)",
      "severity": "WARNING"
    },
    {
      "quarter": "2025-06 (Q2)",
      "signal": "YoY REVENUE GROWTH DECELERATION",
      "detail": "YoY growth: +22.6% vs prior quarter YoY: +56.4% (decel: -33.8%)",
      "severity": "WARNING"
    },
    {
      "quarter": "2025-03 (Q1)",
      "signal": "FCF MARGIN EXPANSION",
      "detail": "FCF margin: -25.6% -> -19.4% (+6.2%)",
      "severity": "MEDIUM"
    },
    {
      "quarter": "2025-03 (Q1)",
      "signal": "YoY REVENUE GROWTH ACCELERATION",
      "detail": "YoY growth: +56.4% vs prior quarter YoY: +6.9% (accel: +49.4%)",
      "severity": "HIGH"
    },
    {
      "quarter": "2024-12 (Q4)",
      "signal": "YoY REVENUE GROWTH ACCELERATION",
      "detail": "YoY growth: +6.9% vs prior quarter YoY: -13.5% (accel: +20.5%)",
      "severity": "HIGH"
    },
    {
      "quarter": "2024-09 (Q3)",
      "signal": "FCF TURNED POSITIVE",
      "detail": "FCF margin: -77.5% -> +17.1%",
      "severity": "HIGH"
    },
    {
      "quarter": "2024-09 (Q3)",
      "signal": "YoY REVENUE GROWTH ACCELERATION",
      "detail": "YoY growth: -13.5% vs prior quarter YoY: -24.0% (accel: +10.5%)",
      "severity": "MEDIUM"
    },
    {
      "quarter": "2024-06 (Q2)",
      "signal": "OPERATING LEVERAGE",
      "detail": "Rev growth +37.9% vs OpEx growth +5.4% (leverage: 7.0x)",
      "severity": "MEDIUM"
    },
    {
      "quarter": "2024-06 (Q2)",
      "signal": "YoY REVENUE GROWTH ACCELERATION",
      "detail": "YoY growth: -24.0% vs prior quarter YoY: -57.2% (accel: +33.1%)",
      "severity": "HIGH"
    },
    {
      "quarter": "2024-03 (Q1)",
      "signal": "FCF MARGIN EXPANSION",
      "detail": "FCF margin: +46.2% -> +62.7% (+16.5%)",
      "severity": "MEDIUM"
    },
    {
      "quarter": "2023-12 (Q4)",
      "signal": "FCF TURNED POSITIVE",
      "detail": "FCF margin: -95.4% -> +46.2%",
      "severity": "HIGH"
    },
    {
      "quarter": "2023-06 (Q2)",
      "signal": "YoY REVENUE GROWTH DECELERATION",
      "detail": "YoY growth: -50.1% vs prior quarter YoY: +884.7% (decel: -934.8%)",
      "severity": "WARNING"
    },
    {
      "quarter": "2023-03 (Q1)",
      "signal": "YoY REVENUE GROWTH ACCELERATION",
      "detail": "YoY growth: +884.7% vs prior quarter YoY: +634.3% (accel: +250.4%)",
      "severity": "HIGH"
    },
    {
      "quarter": "2022-12 (Q4)",
      "signal": "FCF MARGIN EXPANSION",
      "detail": "FCF margin: -33.2% -> -10.6% (+22.6%)",
      "severity": "MEDIUM"
    },
    {
      "quarter": "2022-12 (Q4)",
      "signal": "YoY REVENUE GROWTH DECELERATION",
      "detail": "YoY growth: +634.3% vs prior quarter YoY: +951.5% (decel: -317.3%)",
      "severity": "WARNING"
    },
    {
      "quarter": "2022-09 (Q3)",
      "signal": "FCF MARGIN EXPANSION",
      "detail": "FCF margin: -56.6% -> -33.2% (+23.4%)",
      "severity": "MEDIUM"
    },
    {
      "quarter": "2022-09 (Q3)",
      "signal": "YoY REVENUE GROWTH ACCELERATION",
      "detail": "YoY growth: +951.5% vs prior quarter YoY: +844.6% (accel: +107.0%)",
      "severity": "HIGH"
    },
    {
      "quarter": "2022-06 (Q2)",
      "signal": "FCF MARGIN EXPANSION",
      "detail": "FCF margin: -376.4% -> -56.6% (+319.8%)",
      "severity": "MEDIUM"
    },
    {
      "quarter": "2022-06 (Q2)",
      "signal": "OPERATING LEVERAGE",
      "detail": "Rev growth +1435.3% vs OpEx growth +170.4% (leverage: 8.4x)",
      "severity": "MEDIUM"
    },
    {
      "quarter": "2022-06 (Q2)",
      "signal": "YoY REVENUE GROWTH ACCELERATION",
      "detail": "YoY growth: +844.6% vs prior quarter YoY: +35.4% (accel: +809.2%)",
      "severity": "HIGH"
    },
    {
      "quarter": "2022-03 (Q1)",
      "signal": "YoY REVENUE GROWTH DECELERATION",
      "detail": "YoY growth: +35.4% vs prior quarter YoY: +97.7% (decel: -62.3%)",
      "severity": "WARNING"
    },
    {
      "quarter": "2021-12 (Q4)",
      "signal": "FCF MARGIN EXPANSION",
      "detail": "FCF margin: -385.2% -> -306.2% (+78.9%)",
      "severity": "MEDIUM"
    },
    {
      "quarter": "2021-06 (Q2)",
      "signal": "FCF MARGIN EXPANSION",
      "detail": "FCF margin: -531.5% -> -141.3% (+390.3%)",
      "severity": "MEDIUM"
    },
    {
      "quarter": "2021-06 (Q2)",
      "signal": "OPERATING LEVERAGE",
      "detail": "Rev growth +120.1% vs OpEx growth +27.4% (leverage: 4.4x)",
      "severity": "MEDIUM"
    }
  ],
  "data_quality": {
    "n_quarters": 20,
    "coverage": {
      "revenue": [
        20,
        20
      ],
      "gross_profit": [
        0,
        20
      ],
      "op_income": [
        20,
        20
      ],
      "fcf": [
        20,
        20
      ]
    },
    "gaps": [],
    "warnings": [
      "gross_profit: no data"
    ]
  },
  "market_cap": null,
  "source": "SEC EDGAR",
  "last_updated": "2026-02-02T23:45:54.657102"
}