{
  "ticker": "TPG",
  "name": "TPG Inc.",
  "quarters": [
    {
      "date": "2021-03-31T00:00:00",
      "quarter_label": "2021-03 (Q1)",
      "revenue": 1204733000,
      "gross_profit": null,
      "operating_income": null,
      "net_income": null,
      "opex": 194646000,
      "cogs": null,
      "rd": null,
      "sga": null,
      "fcf": 240790000,
      "ocf": 240790000,
      "capex": null,
      "gross_margin": null,
      "op_margin": null,
      "fcf_margin": 0.19987001269160884
    },
    {
      "date": "2021-06-30T00:00:00",
      "quarter_label": "2021-06 (Q2)",
      "revenue": 2181063000,
      "gross_profit": null,
      "operating_income": null,
      "net_income": null,
      "opex": 198720000,
      "cogs": null,
      "rd": null,
      "sga": null,
      "fcf": -305744000,
      "ocf": -305744000,
      "capex": null,
      "gross_margin": null,
      "op_margin": null,
      "fcf_margin": -0.1401811868799755,
      "op_leverage_ratio": 38.71954865665839,
      "fcf_margin_change": -0.34005119957158436
    },
    {
      "date": "2021-09-30T00:00:00",
      "quarter_label": "2021-09 (Q3)",
      "revenue": 511264000,
      "gross_profit": null,
      "operating_income": null,
      "net_income": null,
      "opex": 224177000,
      "cogs": null,
      "rd": null,
      "sga": null,
      "fcf": 1122463000,
      "ocf": 1122463000,
      "capex": null,
      "gross_margin": null,
      "op_margin": null,
      "fcf_margin": 2.1954665300118923,
      "fcf_margin_change": 2.335647716891868
    },
    {
      "date": "2021-12-31T00:00:00",
      "quarter_label": "2021-12 (Q4)",
      "revenue": 1079327000,
      "gross_profit": null,
      "operating_income": null,
      "net_income": null,
      "opex": 299023000,
      "cogs": null,
      "rd": null,
      "sga": null,
      "fcf": 417311000,
      "ocf": 417311000,
      "capex": null,
      "gross_margin": null,
      "op_margin": null,
      "fcf_margin": 0.38664000807910853,
      "op_leverage_ratio": 3.3279266631202664,
      "fcf_margin_change": -1.8088265219327837
    },
    {
      "date": "2022-03-31T00:00:00",
      "quarter_label": "2022-03 (Q1)",
      "revenue": 1110710000,
      "gross_profit": null,
      "operating_income": null,
      "net_income": 41284000,
      "opex": 942532000,
      "cogs": null,
      "rd": null,
      "sga": null,
      "fcf": 713602000,
      "ocf": 713602000,
      "capex": null,
      "gross_margin": null,
      "op_margin": null,
      "fcf_margin": 0.6424737330176193,
      "rev_growth_yoy": -0.0780446787794474,
      "op_leverage_ratio": 0.013511121036920495,
      "fcf_margin_change": 0.2558337249385108
    },
    {
      "date": "2022-06-30T00:00:00",
      "quarter_label": "2022-06 (Q2)",
      "revenue": -108282000,
      "gross_profit": null,
      "operating_income": null,
      "net_income": -9859000,
      "opex": 54170000,
      "cogs": null,
      "rd": null,
      "sga": null,
      "fcf": -9265000,
      "ocf": -9265000,
      "capex": null,
      "gross_margin": null,
      "op_margin": null,
      "fcf_margin": 0.085563620915757,
      "rev_growth_yoy": -1.049646433871924,
      "rev_growth_yoy_accel": -0.9716017550924766,
      "fcf_margin_change": -0.5569101121018624
    },
    {
      "date": "2022-09-30T00:00:00",
      "quarter_label": "2022-09 (Q3)",
      "revenue": 561124000,
      "gross_profit": null,
      "operating_income": null,
      "net_income": 37360000,
      "opex": 518606000,
      "cogs": null,
      "rd": null,
      "sga": null,
      "fcf": 84262000,
      "ocf": 84262000,
      "capex": null,
      "gross_margin": null,
      "op_margin": null,
      "fcf_margin": 0.15016645162210135,
      "rev_growth_yoy": 0.09752300181510921,
      "rev_growth_yoy_accel": 1.1471694356870332,
      "fcf_margin_change": 0.06460283070634434
    },
    {
      "date": "2022-12-31T00:00:00",
      "quarter_label": "2022-12 (Q4)",
      "revenue": 439335000,
      "gross_profit": null,
      "operating_income": null,
      "net_income": null,
      "opex": 429491000,
      "cogs": null,
      "rd": null,
      "sga": null,
      "fcf": 587279000,
      "ocf": 587279000,
      "capex": null,
      "gross_margin": null,
      "op_margin": null,
      "fcf_margin": 1.3367453082499687,
      "rev_growth_yoy": -0.5929546837983299,
      "rev_growth_yoy_accel": -0.6904776856134391,
      "fcf_margin_change": 1.1865788566278674
    },
    {
      "date": "2023-03-31T00:00:00",
      "quarter_label": "2023-03 (Q1)",
      "revenue": 643145000,
      "gross_profit": null,
      "operating_income": null,
      "net_income": 25055000,
      "opex": 620117000,
      "cogs": null,
      "rd": null,
      "sga": null,
      "fcf": 35800000,
      "ocf": 35800000,
      "capex": null,
      "gross_margin": null,
      "op_margin": null,
      "fcf_margin": 0.05566396380287494,
      "rev_growth_yoy": -0.42096046672848897,
      "rev_growth_yoy_accel": 0.17199421706984097,
      "op_leverage_ratio": 1.04520533678073,
      "fcf_margin_change": -1.2810813444470939
    },
    {
      "date": "2023-06-30T00:00:00",
      "quarter_label": "2023-06 (Q2)",
      "revenue": 603274000,
      "gross_profit": null,
      "operating_income": null,
      "net_income": 27195000,
      "opex": 564729000,
      "cogs": null,
      "rd": null,
      "sga": null,
      "fcf": 504502000,
      "ocf": 504502000,
      "capex": null,
      "gross_margin": null,
      "op_margin": null,
      "fcf_margin": 0.836273401472631,
      "fcf_margin_change": 0.780609437669756
    },
    {
      "date": "2023-09-30T00:00:00",
      "quarter_label": "2023-09 (Q3)",
      "revenue": 160355000,
      "gross_profit": null,
      "operating_income": null,
      "net_income": 14667000,
      "opex": 256210000,
      "cogs": null,
      "rd": null,
      "sga": null,
      "fcf": 692256000,
      "ocf": 692256000,
      "capex": null,
      "gross_margin": null,
      "op_margin": null,
      "fcf_margin": 4.31702160830657,
      "rev_growth_yoy": -0.7142253762091801,
      "fcf_margin_change": 3.480748206833939
    },
    {
      "date": "2023-12-31T00:00:00",
      "quarter_label": "2023-12 (Q4)",
      "revenue": 983137000,
      "gross_profit": null,
      "operating_income": null,
      "net_income": 13173000,
      "opex": 922747000,
      "cogs": null,
      "rd": null,
      "sga": null,
      "fcf": -512040000,
      "ocf": -512040000,
      "capex": null,
      "gross_margin": null,
      "op_margin": null,
      "fcf_margin": -0.5208226320441607,
      "rev_growth_yoy": 1.2377843786632068,
      "rev_growth_yoy_accel": 1.952009754872387,
      "op_leverage_ratio": 1.9723050646774138,
      "fcf_margin_change": -4.837844240350731
    },
    {
      "date": "2024-03-31T00:00:00",
      "quarter_label": "2024-03 (Q1)",
      "revenue": 824071000,
      "gross_profit": null,
      "operating_income": null,
      "net_income": 15519000,
      "opex": 836397000,
      "cogs": null,
      "rd": null,
      "sga": null,
      "fcf": 436713000,
      "ocf": 436713000,
      "capex": null,
      "gross_margin": null,
      "op_margin": null,
      "fcf_margin": 0.5299458420451636,
      "rev_growth_yoy": 0.2813144780725964,
      "rev_growth_yoy_accel": -0.9564699005906103,
      "fcf_margin_change": 1.0507684740893244
    },
    {
      "date": "2024-06-30T00:00:00",
      "quarter_label": "2024-06 (Q2)",
      "revenue": 744194000,
      "gross_profit": null,
      "operating_income": null,
      "net_income": -13977000,
      "opex": 776546000,
      "cogs": null,
      "rd": null,
      "sga": null,
      "fcf": 214575000,
      "ocf": 214575000,
      "capex": null,
      "gross_margin": null,
      "op_margin": null,
      "fcf_margin": 0.2883320747009516,
      "rev_growth_yoy": 0.2335920328076463,
      "rev_growth_yoy_accel": -0.04772244526495012,
      "fcf_margin_change": -0.24161376734421197
    },
    {
      "date": "2024-09-30T00:00:00",
      "quarter_label": "2024-09 (Q3)",
      "revenue": 855403000,
      "gross_profit": null,
      "operating_income": null,
      "net_income": 8961000,
      "opex": 867134000,
      "cogs": null,
      "rd": null,
      "sga": null,
      "fcf": 68932000,
      "ocf": 68932000,
      "capex": null,
      "gross_margin": null,
      "op_margin": null,
      "fcf_margin": 0.08058423924162061,
      "rev_growth_yoy": 4.334432976832653,
      "rev_growth_yoy_accel": 4.100840944025006,
      "op_leverage_ratio": 1.2810034131218684,
      "fcf_margin_change": -0.207747835459331
    },
    {
      "date": "2024-12-31T00:00:00",
      "quarter_label": "2024-12 (Q4)",
      "revenue": 1076414000,
      "gross_profit": null,
      "operating_income": null,
      "net_income": 12980000,
      "opex": 1098246000,
      "cogs": null,
      "rd": null,
      "sga": null,
      "fcf": -188074000,
      "ocf": -188074000,
      "capex": null,
      "gross_margin": null,
      "op_margin": null,
      "fcf_margin": -0.174722736790863,
      "rev_growth_yoy": 0.09487690932189512,
      "rev_growth_yoy_accel": -4.239556067510757,
      "op_leverage_ratio": 0.9694085365354093,
      "fcf_margin_change": -0.25530697603248365
    },
    {
      "date": "2025-03-31T00:00:00",
      "quarter_label": "2025-03 (Q1)",
      "revenue": 1034876000,
      "gross_profit": null,
      "operating_income": null,
      "net_income": 25393000,
      "opex": 947860000,
      "cogs": null,
      "rd": null,
      "sga": null,
      "fcf": 198188000,
      "ocf": 198188000,
      "capex": null,
      "gross_margin": null,
      "op_margin": null,
      "fcf_margin": 0.19150893440373531,
      "rev_growth_yoy": 0.25580926886154226,
      "rev_growth_yoy_accel": 0.16093235953964713,
      "fcf_margin_change": 0.3662316711945983
    },
    {
      "date": "2025-06-30T00:00:00",
      "quarter_label": "2025-06 (Q2)",
      "revenue": 920537000,
      "gross_profit": null,
      "operating_income": null,
      "net_income": 14941000,
      "opex": 890131000,
      "cogs": null,
      "rd": null,
      "sga": null,
      "fcf": 385867000,
      "ocf": 385867000,
      "capex": null,
      "gross_margin": null,
      "op_margin": null,
      "fcf_margin": 0.4191759809763214,
      "rev_growth_yoy": 0.23695837375738046,
      "rev_growth_yoy_accel": -0.018850895104161797,
      "fcf_margin_change": 0.2276670465725861
    },
    {
      "date": "2025-09-30T00:00:00",
      "quarter_label": "2025-09 (Q3)",
      "revenue": 1223517000,
      "gross_profit": null,
      "operating_income": null,
      "net_income": 67140000,
      "opex": 1031323000,
      "cogs": null,
      "rd": null,
      "sga": null,
      "fcf": 492043000,
      "ocf": 492043000,
      "capex": null,
      "gross_margin": null,
      "op_margin": null,
      "fcf_margin": 0.4021546083953063,
      "rev_growth_yoy": 0.43033985150858717,
      "rev_growth_yoy_accel": 0.1933814777512067,
      "op_leverage_ratio": 2.0749925804605125,
      "fcf_margin_change": -0.017021372581015104
    }
  ],
  "signals": [
    {
      "quarter": "2025-09 (Q3)",
      "signal": "OPERATING LEVERAGE",
      "detail": "Rev growth +32.9% vs OpEx growth +15.9% (leverage: 2.1x)",
      "severity": "MEDIUM"
    },
    {
      "quarter": "2025-09 (Q3)",
      "signal": "YoY REVENUE GROWTH ACCELERATION",
      "detail": "YoY growth: +43.0% vs prior quarter YoY: +23.7% (accel: +19.3%)",
      "severity": "HIGH"
    },
    {
      "quarter": "2025-06 (Q2)",
      "signal": "FCF MARGIN EXPANSION",
      "detail": "FCF margin: +19.2% -> +41.9% (+22.8%)",
      "severity": "MEDIUM"
    },
    {
      "quarter": "2025-03 (Q1)",
      "signal": "FCF TURNED POSITIVE",
      "detail": "FCF margin: -17.5% -> +19.2%",
      "severity": "HIGH"
    },
    {
      "quarter": "2025-03 (Q1)",
      "signal": "YoY REVENUE GROWTH ACCELERATION",
      "detail": "YoY growth: +25.6% vs prior quarter YoY: +9.5% (accel: +16.1%)",
      "severity": "HIGH"
    },
    {
      "quarter": "2024-12 (Q4)",
      "signal": "YoY REVENUE GROWTH DECELERATION",
      "detail": "YoY growth: +9.5% vs prior quarter YoY: +433.4% (decel: -424.0%)",
      "severity": "WARNING"
    },
    {
      "quarter": "2024-09 (Q3)",
      "signal": "YoY REVENUE GROWTH ACCELERATION",
      "detail": "YoY growth: +433.4% vs prior quarter YoY: +23.4% (accel: +410.1%)",
      "severity": "HIGH"
    },
    {
      "quarter": "2024-03 (Q1)",
      "signal": "FCF TURNED POSITIVE",
      "detail": "FCF margin: -52.1% -> +53.0%",
      "severity": "HIGH"
    },
    {
      "quarter": "2024-03 (Q1)",
      "signal": "YoY REVENUE GROWTH DECELERATION",
      "detail": "YoY growth: +28.1% vs prior quarter YoY: +123.8% (decel: -95.6%)",
      "severity": "WARNING"
    },
    {
      "quarter": "2023-12 (Q4)",
      "signal": "OPERATING LEVERAGE",
      "detail": "Rev growth +513.1% vs OpEx growth +260.2% (leverage: 2.0x)",
      "severity": "MEDIUM"
    },
    {
      "quarter": "2023-12 (Q4)",
      "signal": "YoY REVENUE GROWTH ACCELERATION",
      "detail": "YoY growth: +123.8% vs prior quarter YoY: -71.4% (accel: +195.2%)",
      "severity": "HIGH"
    },
    {
      "quarter": "2023-09 (Q3)",
      "signal": "FCF MARGIN EXPANSION",
      "detail": "FCF margin: +83.6% -> +431.7% (+348.1%)",
      "severity": "MEDIUM"
    },
    {
      "quarter": "2023-06 (Q2)",
      "signal": "FCF MARGIN EXPANSION",
      "detail": "FCF margin: +5.6% -> +83.6% (+78.1%)",
      "severity": "MEDIUM"
    },
    {
      "quarter": "2023-03 (Q1)",
      "signal": "YoY REVENUE GROWTH ACCELERATION",
      "detail": "YoY growth: -42.1% vs prior quarter YoY: -59.3% (accel: +17.2%)",
      "severity": "HIGH"
    },
    {
      "quarter": "2022-12 (Q4)",
      "signal": "FCF MARGIN EXPANSION",
      "detail": "FCF margin: +15.0% -> +133.7% (+118.7%)",
      "severity": "MEDIUM"
    },
    {
      "quarter": "2022-12 (Q4)",
      "signal": "YoY REVENUE GROWTH DECELERATION",
      "detail": "YoY growth: -59.3% vs prior quarter YoY: +9.8% (decel: -69.0%)",
      "severity": "WARNING"
    },
    {
      "quarter": "2022-09 (Q3)",
      "signal": "FCF MARGIN EXPANSION",
      "detail": "FCF margin: +8.6% -> +15.0% (+6.5%)",
      "severity": "MEDIUM"
    },
    {
      "quarter": "2022-09 (Q3)",
      "signal": "YoY REVENUE GROWTH ACCELERATION",
      "detail": "YoY growth: +9.8% vs prior quarter YoY: -105.0% (accel: +114.7%)",
      "severity": "HIGH"
    },
    {
      "quarter": "2022-06 (Q2)",
      "signal": "YoY REVENUE GROWTH DECELERATION",
      "detail": "YoY growth: -105.0% vs prior quarter YoY: -7.8% (decel: -97.2%)",
      "severity": "WARNING"
    },
    {
      "quarter": "2022-03 (Q1)",
      "signal": "FCF MARGIN EXPANSION",
      "detail": "FCF margin: +38.7% -> +64.2% (+25.6%)",
      "severity": "MEDIUM"
    },
    {
      "quarter": "2021-12 (Q4)",
      "signal": "OPERATING LEVERAGE",
      "detail": "Rev growth +111.1% vs OpEx growth +33.4% (leverage: 3.3x)",
      "severity": "MEDIUM"
    },
    {
      "quarter": "2021-09 (Q3)",
      "signal": "FCF TURNED POSITIVE",
      "detail": "FCF margin: -14.0% -> +219.5%",
      "severity": "HIGH"
    },
    {
      "quarter": "2021-06 (Q2)",
      "signal": "OPERATING LEVERAGE",
      "detail": "Rev growth +81.0% vs OpEx growth +2.1% (leverage: 38.7x)",
      "severity": "MEDIUM"
    }
  ],
  "data_quality": {
    "n_quarters": 19,
    "coverage": {
      "revenue": [
        19,
        19
      ],
      "gross_profit": [
        0,
        19
      ],
      "op_income": [
        0,
        19
      ],
      "fcf": [
        19,
        19
      ]
    },
    "gaps": [],
    "warnings": [
      "gross_profit: no data",
      "op_income: no data"
    ]
  },
  "market_cap": null,
  "source": "SEC EDGAR",
  "last_updated": "2026-02-02T20:15:27.370826"
}