{
  "ticker": "TPH",
  "name": "Tri Pointe Homes, Inc.",
  "quarters": [
    {
      "date": "2020-12-31T00:00:00",
      "quarter_label": "2020-12 (Q4)",
      "revenue": 1060827000,
      "gross_profit": 254532000,
      "operating_income": 148624000,
      "net_income": null,
      "opex": 105908000,
      "cogs": null,
      "rd": null,
      "sga": null,
      "fcf": 243840000,
      "ocf": 249855000,
      "capex": -6015000,
      "gross_margin": 0.2399373319118009,
      "op_margin": 0.14010201474887046,
      "fcf_margin": 0.2298584029252649
    },
    {
      "date": "2021-03-31T00:00:00",
      "quarter_label": "2021-03 (Q1)",
      "revenue": 720966000,
      "gross_profit": null,
      "operating_income": 90919000,
      "net_income": null,
      "opex": null,
      "cogs": null,
      "rd": null,
      "sga": null,
      "fcf": 24520000,
      "ocf": 30204000,
      "capex": -5684000,
      "gross_margin": null,
      "op_margin": 0.1261071950688382,
      "fcf_margin": 0.03400992557207968,
      "fcf_margin_change": -0.19584847735318522
    },
    {
      "date": "2021-06-30T00:00:00",
      "quarter_label": "2021-06 (Q2)",
      "revenue": 1018064000,
      "gross_profit": null,
      "operating_income": 151856000,
      "net_income": null,
      "opex": null,
      "cogs": null,
      "rd": null,
      "sga": null,
      "fcf": 63838000,
      "ocf": 67100000,
      "capex": -3262000,
      "gross_margin": null,
      "op_margin": 0.14916154583601818,
      "fcf_margin": 0.06270529161231514,
      "fcf_margin_change": 0.02869536604023546
    },
    {
      "date": "2021-09-30T00:00:00",
      "quarter_label": "2021-09 (Q3)",
      "revenue": 1033193000,
      "gross_profit": null,
      "operating_income": 172096000,
      "net_income": null,
      "opex": null,
      "cogs": null,
      "rd": null,
      "sga": null,
      "fcf": 96138000,
      "ocf": 106659000,
      "capex": -10521000,
      "gross_margin": null,
      "op_margin": 0.1665671370208664,
      "fcf_margin": 0.09304941090386791,
      "fcf_margin_change": 0.03034411929155277
    },
    {
      "date": "2021-12-31T00:00:00",
      "quarter_label": "2021-12 (Q4)",
      "revenue": 1210012000,
      "gross_profit": null,
      "operating_income": 190169000,
      "net_income": null,
      "opex": null,
      "cogs": null,
      "rd": null,
      "sga": null,
      "fcf": 205548000,
      "ocf": 215570000,
      "capex": -10022000,
      "gross_margin": null,
      "op_margin": 0.15716290416954543,
      "fcf_margin": 0.16987269547740022,
      "incr_op_margin_yoy": 0.2784797399202333,
      "rev_growth_yoy": 0.14063084744260845,
      "fcf_margin_change": 0.07682328457353231
    },
    {
      "date": "2022-03-31T00:00:00",
      "quarter_label": "2022-03 (Q1)",
      "revenue": 736244000,
      "gross_profit": null,
      "operating_income": 115016000,
      "net_income": 87478000,
      "opex": null,
      "cogs": null,
      "rd": null,
      "sga": null,
      "fcf": -128661000,
      "ocf": -116114000,
      "capex": -12547000,
      "gross_margin": null,
      "op_margin": 0.15621994882131468,
      "fcf_margin": -0.17475320681730513,
      "incr_op_margin_yoy": 1.5772352402146879,
      "rev_growth_yoy": 0.02119101316844345,
      "rev_growth_yoy_accel": -0.119439834274165,
      "fcf_margin_change": -0.34462590229470536
    },
    {
      "date": "2022-06-30T00:00:00",
      "quarter_label": "2022-06 (Q2)",
      "revenue": 1017689000,
      "gross_profit": null,
      "operating_income": 177709000,
      "net_income": 136383000,
      "opex": null,
      "cogs": null,
      "rd": null,
      "sga": null,
      "fcf": -67790000,
      "ocf": -51717000,
      "capex": -16073000,
      "gross_margin": null,
      "op_margin": 0.1746201442680426,
      "fcf_margin": -0.06661170554069072,
      "rev_growth_yoy": -0.00036834619434534567,
      "rev_growth_yoy_accel": -0.021559359362788792,
      "fcf_margin_change": 0.10814150127661441
    },
    {
      "date": "2022-09-30T00:00:00",
      "quarter_label": "2022-09 (Q3)",
      "revenue": 1071796000,
      "gross_profit": null,
      "operating_income": 190981000,
      "net_income": 149226000,
      "opex": null,
      "cogs": null,
      "rd": null,
      "sga": null,
      "fcf": -22850000,
      "ocf": -13727000,
      "capex": -9123000,
      "gross_margin": null,
      "op_margin": 0.17818782678793352,
      "fcf_margin": -0.02131935554900373,
      "incr_op_margin_yoy": 0.4892106831075305,
      "rev_growth_yoy": 0.037362816046953476,
      "rev_growth_yoy_accel": 0.03773116224129882,
      "fcf_margin_change": 0.04529234999168699
    },
    {
      "date": "2022-12-31T00:00:00",
      "quarter_label": "2022-12 (Q4)",
      "revenue": 1522804000,
      "gross_profit": null,
      "operating_income": 262810000,
      "net_income": 202973000,
      "opex": null,
      "cogs": null,
      "rd": null,
      "sga": null,
      "fcf": 619954000,
      "ocf": 625834000,
      "capex": -5880000,
      "gross_margin": null,
      "op_margin": 0.17258294567127483,
      "fcf_margin": 0.40711345649210273,
      "incr_op_margin_yoy": 0.23223420036318065,
      "rev_growth_yoy": 0.25850322145565496,
      "rev_growth_yoy_accel": 0.2211404054087015,
      "fcf_margin_change": 0.42843281204110645
    },
    {
      "date": "2023-03-31T00:00:00",
      "quarter_label": "2023-03 (Q1)",
      "revenue": 779661000,
      "gross_profit": null,
      "operating_income": 92331000,
      "net_income": 74742000,
      "opex": null,
      "cogs": null,
      "rd": null,
      "sga": null,
      "fcf": 129138000,
      "ocf": 135639000,
      "capex": -6501000,
      "gross_margin": null,
      "op_margin": 0.11842454605270752,
      "fcf_margin": 0.16563352533985926,
      "incr_op_margin_yoy": -0.5224911900868323,
      "rev_growth_yoy": 0.05897093898218526,
      "rev_growth_yoy_accel": -0.1995322824734697,
      "fcf_margin_change": -0.24147993115224348
    },
    {
      "date": "2023-06-30T00:00:00",
      "quarter_label": "2023-06 (Q2)",
      "revenue": 837329000,
      "gross_profit": null,
      "operating_income": null,
      "net_income": 60724000,
      "opex": null,
      "cogs": null,
      "rd": null,
      "sga": null,
      "fcf": 56151000,
      "ocf": 62095000,
      "capex": -5944000,
      "gross_margin": null,
      "op_margin": null,
      "fcf_margin": 0.06705966233105505,
      "rev_growth_yoy": -0.1772250658108715,
      "rev_growth_yoy_accel": -0.23619600479305675,
      "fcf_margin_change": -0.0985738630088042
    },
    {
      "date": "2023-09-30T00:00:00",
      "quarter_label": "2023-09 (Q3)",
      "revenue": 838516000,
      "gross_profit": null,
      "operating_income": null,
      "net_income": 75402000,
      "opex": null,
      "cogs": null,
      "rd": null,
      "sga": null,
      "fcf": -79628000,
      "ocf": -72937000,
      "capex": -6691000,
      "gross_margin": null,
      "op_margin": null,
      "fcf_margin": -0.09496300607263308,
      "rev_growth_yoy": -0.21765335940794703,
      "rev_growth_yoy_accel": -0.04042829359707553,
      "fcf_margin_change": -0.16202266840368812
    },
    {
      "date": "2023-12-31T00:00:00",
      "quarter_label": "2023-12 (Q4)",
      "revenue": 1259698000,
      "gross_profit": null,
      "operating_income": null,
      "net_income": 132834000,
      "opex": null,
      "cogs": null,
      "rd": null,
      "sga": null,
      "fcf": 64224000,
      "ocf": 70464000,
      "capex": -6240000,
      "gross_margin": null,
      "op_margin": null,
      "fcf_margin": 0.050983648461774174,
      "rev_growth_yoy": -0.1727773239366327,
      "rev_growth_yoy_accel": 0.04487603547131433,
      "fcf_margin_change": 0.14594665453440725
    },
    {
      "date": "2024-03-31T00:00:00",
      "quarter_label": "2024-03 (Q1)",
      "revenue": 939402000,
      "gross_profit": null,
      "operating_income": 115297000,
      "net_income": 99055000,
      "opex": null,
      "cogs": null,
      "rd": null,
      "sga": null,
      "fcf": 138327000,
      "ocf": 144744000,
      "capex": -6417000,
      "gross_margin": null,
      "op_margin": 0.1227344629881563,
      "fcf_margin": 0.14725005908013822,
      "incr_op_margin_yoy": 0.14377022805666673,
      "rev_growth_yoy": 0.2048852001062,
      "rev_growth_yoy_accel": 0.37766252404283274,
      "fcf_margin_change": 0.09626641061836405
    },
    {
      "date": "2024-06-30T00:00:00",
      "quarter_label": "2024-06 (Q2)",
      "revenue": 1154924000,
      "gross_profit": null,
      "operating_income": 149196000,
      "net_income": 118002000,
      "opex": null,
      "cogs": null,
      "rd": null,
      "sga": null,
      "fcf": 17020000,
      "ocf": 23150000,
      "capex": -6130000,
      "gross_margin": null,
      "op_margin": 0.1291825262961026,
      "fcf_margin": 0.014736900436738695,
      "rev_growth_yoy": 0.3792953546336028,
      "rev_growth_yoy_accel": 0.1744101545274028,
      "fcf_margin_change": -0.13251315864339952
    },
    {
      "date": "2024-09-30T00:00:00",
      "quarter_label": "2024-09 (Q3)",
      "revenue": 1144673000,
      "gross_profit": null,
      "operating_income": 144662000,
      "net_income": 111759000,
      "opex": null,
      "cogs": null,
      "rd": null,
      "sga": null,
      "fcf": 161483000,
      "ocf": 167869000,
      "capex": -6386000,
      "gross_margin": null,
      "op_margin": 0.12637845043955784,
      "fcf_margin": 0.1410734768794232,
      "rev_growth_yoy": 0.36511766024738945,
      "rev_growth_yoy_accel": -0.014177694386213358,
      "fcf_margin_change": 0.1263365764426845
    },
    {
      "date": "2024-12-31T00:00:00",
      "quarter_label": "2024-12 (Q4)",
      "revenue": 1253871000,
      "gross_profit": null,
      "operating_income": null,
      "net_income": 129213000,
      "opex": null,
      "cogs": null,
      "rd": null,
      "sga": null,
      "fcf": 355934000,
      "ocf": 360299000,
      "capex": -4365000,
      "gross_margin": null,
      "op_margin": null,
      "fcf_margin": 0.2838681172146098,
      "rev_growth_yoy": -0.0046257118769736875,
      "rev_growth_yoy_accel": -0.36974337212436315,
      "fcf_margin_change": 0.1427946403351866
    },
    {
      "date": "2025-03-31T00:00:00",
      "quarter_label": "2025-03 (Q1)",
      "revenue": 740928000,
      "gross_profit": null,
      "operating_income": 76886000,
      "net_income": 64036000,
      "opex": null,
      "cogs": null,
      "rd": null,
      "sga": null,
      "fcf": -39262000,
      "ocf": -31157000,
      "capex": -8105000,
      "gross_margin": null,
      "op_margin": 0.10376986697762805,
      "fcf_margin": -0.052990304051135875,
      "incr_op_margin_yoy": 0.19353164646250895,
      "rev_growth_yoy": -0.2112769613009127,
      "rev_growth_yoy_accel": -0.206651249423939,
      "fcf_margin_change": -0.33685842126574567
    },
    {
      "date": "2025-06-30T00:00:00",
      "quarter_label": "2025-06 (Q2)",
      "revenue": 902413000,
      "gross_profit": null,
      "operating_income": 76705000,
      "net_income": 60748000,
      "opex": null,
      "cogs": null,
      "rd": null,
      "sga": null,
      "fcf": -84450000,
      "ocf": -74259000,
      "capex": -10191000,
      "gross_margin": null,
      "op_margin": 0.08499988364529323,
      "fcf_margin": -0.09358242844462569,
      "incr_op_margin_yoy": 0.287080562826966,
      "rev_growth_yoy": -0.21863862903533046,
      "rev_growth_yoy_accel": -0.007361667734417765,
      "fcf_margin_change": -0.04059212439348982
    },
    {
      "date": "2025-09-30T00:00:00",
      "quarter_label": "2025-09 (Q3)",
      "revenue": 854729000,
      "gross_profit": null,
      "operating_income": 68973000,
      "net_income": 56144000,
      "opex": null,
      "cogs": null,
      "rd": null,
      "sga": null,
      "fcf": 39084000,
      "ocf": 45855000,
      "capex": -6771000,
      "gross_margin": null,
      "op_margin": 0.08069575268886396,
      "fcf_margin": 0.045726774217325024,
      "incr_op_margin_yoy": 0.2610469607924289,
      "rev_growth_yoy": -0.25329854028180976,
      "rev_growth_yoy_accel": -0.0346599112464793,
      "fcf_margin_change": 0.1393092026619507
    }
  ],
  "signals": [
    {
      "quarter": "2025-09 (Q3)",
      "signal": "FCF TURNED POSITIVE",
      "detail": "FCF margin: -9.4% -> +4.6%",
      "severity": "HIGH"
    },
    {
      "quarter": "2025-09 (Q3)",
      "signal": "INCREMENTAL MARGIN (YoY)",
      "detail": "YoY Incr OPM: +26.1% vs year-ago OPM: +12.6%",
      "severity": "MEDIUM"
    },
    {
      "quarter": "2025-06 (Q2)",
      "signal": "INCREMENTAL MARGIN (YoY)",
      "detail": "YoY Incr OPM: +28.7% vs year-ago OPM: +12.9%",
      "severity": "MEDIUM"
    },
    {
      "quarter": "2025-03 (Q1)",
      "signal": "YoY REVENUE GROWTH DECELERATION",
      "detail": "YoY growth: -21.1% vs prior quarter YoY: -0.5% (decel: -20.7%)",
      "severity": "WARNING"
    },
    {
      "quarter": "2024-12 (Q4)",
      "signal": "FCF MARGIN EXPANSION",
      "detail": "FCF margin: +14.1% -> +28.4% (+14.3%)",
      "severity": "MEDIUM"
    },
    {
      "quarter": "2024-12 (Q4)",
      "signal": "YoY REVENUE GROWTH DECELERATION",
      "detail": "YoY growth: -0.5% vs prior quarter YoY: +36.5% (decel: -37.0%)",
      "severity": "WARNING"
    },
    {
      "quarter": "2024-09 (Q3)",
      "signal": "FCF MARGIN EXPANSION",
      "detail": "FCF margin: +1.5% -> +14.1% (+12.6%)",
      "severity": "MEDIUM"
    },
    {
      "quarter": "2024-06 (Q2)",
      "signal": "YoY REVENUE GROWTH ACCELERATION",
      "detail": "YoY growth: +37.9% vs prior quarter YoY: +20.5% (accel: +17.4%)",
      "severity": "HIGH"
    },
    {
      "quarter": "2024-03 (Q1)",
      "signal": "FCF MARGIN EXPANSION",
      "detail": "FCF margin: +5.1% -> +14.7% (+9.6%)",
      "severity": "MEDIUM"
    },
    {
      "quarter": "2024-03 (Q1)",
      "signal": "YoY REVENUE GROWTH ACCELERATION",
      "detail": "YoY growth: +20.5% vs prior quarter YoY: -17.3% (accel: +37.8%)",
      "severity": "HIGH"
    },
    {
      "quarter": "2023-12 (Q4)",
      "signal": "FCF TURNED POSITIVE",
      "detail": "FCF margin: -9.5% -> +5.1%",
      "severity": "HIGH"
    },
    {
      "quarter": "2023-06 (Q2)",
      "signal": "YoY REVENUE GROWTH DECELERATION",
      "detail": "YoY growth: -17.7% vs prior quarter YoY: +5.9% (decel: -23.6%)",
      "severity": "WARNING"
    },
    {
      "quarter": "2023-03 (Q1)",
      "signal": "YoY REVENUE GROWTH DECELERATION",
      "detail": "YoY growth: +5.9% vs prior quarter YoY: +25.9% (decel: -20.0%)",
      "severity": "WARNING"
    },
    {
      "quarter": "2022-12 (Q4)",
      "signal": "FCF TURNED POSITIVE",
      "detail": "FCF margin: -2.1% -> +40.7%",
      "severity": "HIGH"
    },
    {
      "quarter": "2022-12 (Q4)",
      "signal": "YoY REVENUE GROWTH ACCELERATION",
      "detail": "YoY growth: +25.9% vs prior quarter YoY: +3.7% (accel: +22.1%)",
      "severity": "HIGH"
    },
    {
      "quarter": "2022-09 (Q3)",
      "signal": "INCREMENTAL MARGIN (YoY)",
      "detail": "YoY Incr OPM: +48.9% vs year-ago OPM: +16.7%",
      "severity": "HIGH"
    },
    {
      "quarter": "2022-06 (Q2)",
      "signal": "FCF MARGIN EXPANSION",
      "detail": "FCF margin: -17.5% -> -6.7% (+10.8%)",
      "severity": "MEDIUM"
    },
    {
      "quarter": "2022-03 (Q1)",
      "signal": "YoY REVENUE GROWTH DECELERATION",
      "detail": "YoY growth: +2.1% vs prior quarter YoY: +14.1% (decel: -11.9%)",
      "severity": "WARNING"
    },
    {
      "quarter": "2022-03 (Q1)",
      "signal": "INCREMENTAL MARGIN (YoY)",
      "detail": "YoY Incr OPM: +157.7% vs year-ago OPM: +12.6%",
      "severity": "HIGH"
    },
    {
      "quarter": "2021-12 (Q4)",
      "signal": "FCF MARGIN EXPANSION",
      "detail": "FCF margin: +9.3% -> +17.0% (+7.7%)",
      "severity": "MEDIUM"
    },
    {
      "quarter": "2021-12 (Q4)",
      "signal": "INCREMENTAL MARGIN (YoY)",
      "detail": "YoY Incr OPM: +27.8% vs year-ago OPM: +14.0%",
      "severity": "MEDIUM"
    }
  ],
  "data_quality": {
    "n_quarters": 20,
    "coverage": {
      "revenue": [
        20,
        20
      ],
      "gross_profit": [
        1,
        20
      ],
      "op_income": [
        16,
        20
      ],
      "fcf": [
        20,
        20
      ]
    },
    "gaps": [],
    "warnings": [
      "gross_profit: 1/20Q"
    ]
  },
  "market_cap": null,
  "source": "SEC EDGAR",
  "last_updated": "2026-02-02T21:23:35.949090"
}