{
  "ticker": "TPICQ",
  "name": "TPI Composites, Inc.",
  "quarters": [
    {
      "date": "2020-12-31T00:00:00",
      "quarter_label": "2020-12 (Q4)",
      "revenue": 465571000,
      "gross_profit": 32246000,
      "operating_income": 18420000,
      "net_income": 5184000,
      "opex": 13826000,
      "cogs": 433325000,
      "rd": null,
      "sga": null,
      "fcf": -8533000,
      "ocf": 3705000,
      "capex": -12238000,
      "gross_margin": 0.06926118680072427,
      "op_margin": 0.03956431994260811,
      "fcf_margin": -0.018328031599906352
    },
    {
      "date": "2021-03-31T00:00:00",
      "quarter_label": "2021-03 (Q1)",
      "revenue": 404680000,
      "gross_profit": 7270000,
      "operating_income": -3207000,
      "net_income": -1797000,
      "opex": 10477000,
      "cogs": 397410000,
      "rd": null,
      "sga": null,
      "fcf": -12046000,
      "ocf": 6740000,
      "capex": -18786000,
      "gross_margin": 0.017964811703074034,
      "op_margin": -0.007924780073144212,
      "fcf_margin": -0.029766729267569438,
      "fcf_margin_change": -0.011438697667663086
    },
    {
      "date": "2021-06-30T00:00:00",
      "quarter_label": "2021-06 (Q2)",
      "revenue": 458841000,
      "gross_profit": 8326000,
      "operating_income": -2033000,
      "net_income": -39797000,
      "opex": 10359000,
      "cogs": 450515000,
      "rd": null,
      "sga": null,
      "fcf": -18268000,
      "ocf": -9995000,
      "capex": -8273000,
      "gross_margin": 0.01814571932325141,
      "op_margin": -0.004430728727380508,
      "fcf_margin": -0.03981335582478462,
      "op_leverage_ratio": Infinity,
      "fcf_margin_change": -0.01004662655721518
    },
    {
      "date": "2021-09-30T00:00:00",
      "quarter_label": "2021-09 (Q3)",
      "revenue": 479599000,
      "gross_profit": -7130000,
      "operating_income": -23987000,
      "net_income": -30677000,
      "opex": 16857000,
      "cogs": 486729000,
      "rd": null,
      "sga": null,
      "fcf": -28065000,
      "ocf": -24986000,
      "capex": -3079000,
      "gross_margin": -0.014866586460772437,
      "op_margin": -0.050014699780441575,
      "fcf_margin": -0.05851763660891703,
      "op_leverage_ratio": 0.07212094623499804,
      "fcf_margin_change": -0.018704280784132415
    },
    {
      "date": "2021-12-31T00:00:00",
      "quarter_label": "2021-12 (Q4)",
      "revenue": 389463000,
      "gross_profit": -40046000,
      "operating_income": -68471000,
      "net_income": -87277000,
      "opex": 28425000,
      "cogs": 429509000,
      "rd": null,
      "sga": null,
      "fcf": -4265000,
      "ocf": 2716000,
      "capex": -6981000,
      "gross_margin": -0.10282363151313476,
      "op_margin": -0.17580874178034883,
      "fcf_margin": -0.010950976087587268,
      "incr_op_margin_yoy": 1.1416802438639828,
      "rev_growth_yoy": -0.1634723812264939,
      "fcf_margin_change": 0.04756666052132977
    },
    {
      "date": "2022-03-31T00:00:00",
      "quarter_label": "2022-03 (Q1)",
      "revenue": 384870000,
      "gross_profit": -1627000,
      "operating_income": -12839000,
      "net_income": -15800000,
      "opex": 11212000,
      "cogs": 386497000,
      "rd": null,
      "sga": null,
      "fcf": -86570000,
      "ocf": -81054000,
      "capex": -5516000,
      "gross_margin": -0.004227401460233326,
      "op_margin": -0.03335931613272014,
      "fcf_margin": -0.22493309429157898,
      "incr_op_margin_yoy": 0.4862190812720848,
      "rev_growth_yoy": -0.048952258574676284,
      "rev_growth_yoy_accel": 0.11452012265181763,
      "fcf_margin_change": -0.2139821182039917
    },
    {
      "date": "2022-06-30T00:00:00",
      "quarter_label": "2022-06 (Q2)",
      "revenue": 452368000,
      "gross_profit": 1223000,
      "operating_income": -8038000,
      "net_income": -5510000,
      "opex": 9261000,
      "cogs": 451145000,
      "rd": null,
      "sga": null,
      "fcf": 19399000,
      "ocf": 21893000,
      "capex": -2494000,
      "gross_margin": 0.0027035510911470307,
      "op_margin": -0.01776871927280444,
      "fcf_margin": 0.04288322781452269,
      "incr_op_margin_yoy": 0.9276996755754673,
      "rev_growth_yoy": -0.014107283350877537,
      "rev_growth_yoy_accel": 0.034844975223798744,
      "op_leverage_ratio": Infinity,
      "fcf_margin_change": 0.2678163221061017
    },
    {
      "date": "2022-09-30T00:00:00",
      "quarter_label": "2022-09 (Q3)",
      "revenue": 459271000,
      "gross_profit": 8672000,
      "operating_income": -2842000,
      "net_income": -1467000,
      "opex": 11514000,
      "cogs": 450599000,
      "rd": null,
      "sga": null,
      "fcf": -29416000,
      "ocf": -25934000,
      "capex": -3482000,
      "gross_margin": 0.01888209793346412,
      "op_margin": -0.006188067611497351,
      "fcf_margin": -0.06404933035179665,
      "incr_op_margin_yoy": -1.0401908697363242,
      "rev_growth_yoy": -0.042385409477500996,
      "rev_growth_yoy_accel": -0.02827812612662346,
      "op_leverage_ratio": 0.0627252917542641,
      "fcf_margin_change": -0.10693255816631933
    },
    {
      "date": "2022-12-31T00:00:00",
      "quarter_label": "2022-12 (Q4)",
      "revenue": 226232000,
      "gross_profit": 6377000,
      "operating_income": -4090000,
      "net_income": -42528000,
      "opex": 10467000,
      "cogs": 219855000,
      "rd": null,
      "sga": null,
      "fcf": 15483000,
      "ocf": 22823000,
      "capex": -7340000,
      "gross_margin": 0.028187877930619894,
      "op_margin": -0.018078786378584816,
      "fcf_margin": 0.06843859400968917,
      "incr_op_margin_yoy": -0.39441650176743387,
      "rev_growth_yoy": -0.4191181190511037,
      "rev_growth_yoy_accel": -0.3767327095736027,
      "fcf_margin_change": 0.13248792436148582
    },
    {
      "date": "2023-03-31T00:00:00",
      "quarter_label": "2023-03 (Q1)",
      "revenue": 404066000,
      "gross_profit": 2705000,
      "operating_income": -7997000,
      "net_income": -22127000,
      "opex": 10702000,
      "cogs": 401361000,
      "rd": null,
      "sga": null,
      "fcf": -87136000,
      "ocf": -83861000,
      "capex": -3275000,
      "gross_margin": 0.006694450906535071,
      "op_margin": -0.019791321219800727,
      "fcf_margin": -0.21564793870308316,
      "incr_op_margin_yoy": 0.2522400500104188,
      "rev_growth_yoy": 0.04987658170291267,
      "rev_growth_yoy_accel": 0.46899470075401634,
      "op_leverage_ratio": 35.01185523728983,
      "fcf_margin_change": -0.28408653271277234
    },
    {
      "date": "2023-06-30T00:00:00",
      "quarter_label": "2023-06 (Q2)",
      "revenue": 381271000,
      "gross_profit": -47373000,
      "operating_income": -62207000,
      "net_income": -65237000,
      "opex": 14834000,
      "cogs": 428644000,
      "rd": null,
      "sga": null,
      "fcf": 6188000,
      "ocf": 9607000,
      "capex": -3419000,
      "gross_margin": -0.12425020523459691,
      "op_margin": -0.1631569146355217,
      "fcf_margin": 0.016229925695896093,
      "incr_op_margin_yoy": 0.7619027525774645,
      "rev_growth_yoy": -0.15716628939270683,
      "rev_growth_yoy_accel": -0.2070428710956195,
      "fcf_margin_change": 0.23187786439897926
    },
    {
      "date": "2023-09-30T00:00:00",
      "quarter_label": "2023-09 (Q3)",
      "revenue": 372860000,
      "gross_profit": -11176000,
      "operating_income": -46909000,
      "net_income": -56815000,
      "opex": 35733000,
      "cogs": 384036000,
      "rd": null,
      "sga": null,
      "fcf": -20806000,
      "ocf": -11654000,
      "capex": -9152000,
      "gross_margin": -0.029973716676500565,
      "op_margin": -0.12580861449337552,
      "fcf_margin": -0.05580110497237569,
      "incr_op_margin_yoy": 0.5099697955121455,
      "rev_growth_yoy": -0.18814817395394004,
      "rev_growth_yoy_accel": -0.030981884561233214,
      "fcf_margin_change": -0.07203103066827178
    },
    {
      "date": "2023-12-31T00:00:00",
      "quarter_label": "2023-12 (Q4)",
      "revenue": 296986000,
      "gross_profit": -31704000,
      "operating_income": -46480000,
      "net_income": null,
      "opex": 14776000,
      "cogs": 328690000,
      "rd": null,
      "sga": null,
      "fcf": -15355000,
      "ocf": 4936000,
      "capex": -20291000,
      "gross_margin": -0.10675250685217486,
      "op_margin": -0.15650569387109156,
      "fcf_margin": -0.051702773868128465,
      "incr_op_margin_yoy": -0.5991180710631201,
      "rev_growth_yoy": 0.3127497436260122,
      "rev_growth_yoy_accel": 0.5008979175799523,
      "fcf_margin_change": 0.004098331104247226
    },
    {
      "date": "2024-03-31T00:00:00",
      "quarter_label": "2024-03 (Q1)",
      "revenue": 299062000,
      "gross_profit": -30251000,
      "operating_income": -38962000,
      "net_income": -61468000,
      "opex": 8711000,
      "cogs": 329313000,
      "rd": null,
      "sga": null,
      "fcf": -47289000,
      "ocf": -39004000,
      "capex": -8285000,
      "gross_margin": -0.1011529381867305,
      "op_margin": -0.1302806775852499,
      "fcf_margin": -0.15812440229785127,
      "incr_op_margin_yoy": 0.29489352786560513,
      "rev_growth_yoy": -0.2598684373344949,
      "rev_growth_yoy_accel": -0.5726181809605071,
      "fcf_margin_change": -0.1064216284297228
    },
    {
      "date": "2024-06-30T00:00:00",
      "quarter_label": "2024-06 (Q2)",
      "revenue": 309817000,
      "gross_profit": -24423000,
      "operating_income": -37015000,
      "net_income": -91089000,
      "opex": 12592000,
      "cogs": 334240000,
      "rd": null,
      "sga": null,
      "fcf": -44024000,
      "ocf": -36904000,
      "capex": -7120000,
      "gross_margin": -0.07883040633664389,
      "op_margin": -0.11947375386115029,
      "fcf_margin": -0.14209678616731813,
      "incr_op_margin_yoy": -0.35256248775435944,
      "rev_growth_yoy": -0.187410004957104,
      "rev_growth_yoy_accel": 0.07245843237739089,
      "op_leverage_ratio": 0.08071858727932898,
      "fcf_margin_change": 0.016027616130533134
    },
    {
      "date": "2024-09-30T00:00:00",
      "quarter_label": "2024-09 (Q3)",
      "revenue": 380762000,
      "gross_profit": 2767000,
      "operating_income": -11574000,
      "net_income": -40068000,
      "opex": 14341000,
      "cogs": 377995000,
      "rd": null,
      "sga": null,
      "fcf": -5609000,
      "ocf": 1065000,
      "capex": -6674000,
      "gross_margin": 0.007267006686591624,
      "op_margin": -0.030396940871200383,
      "fcf_margin": -0.014730986810658627,
      "incr_op_margin_yoy": 4.471652746140218,
      "rev_growth_yoy": 0.02119294105026015,
      "rev_growth_yoy_accel": 0.20860294600736415,
      "op_leverage_ratio": 1.6486233791458587,
      "fcf_margin_change": 0.1273657993566595
    },
    {
      "date": "2024-12-31T00:00:00",
      "quarter_label": "2024-12 (Q4)",
      "revenue": 346506000,
      "gross_profit": -3665000,
      "operating_income": -22028000,
      "net_income": null,
      "opex": 18363000,
      "cogs": 350171000,
      "rd": null,
      "sga": null,
      "fcf": 83219000,
      "ocf": 87341000,
      "capex": -4122000,
      "gross_margin": -0.010577017425383688,
      "op_margin": -0.06357177076298823,
      "fcf_margin": 0.24016611544966032,
      "incr_op_margin_yoy": 0.49378029079159935,
      "rev_growth_yoy": 0.16674186661997537,
      "rev_growth_yoy_accel": 0.14554892556971522,
      "fcf_margin_change": 0.254897102260319
    },
    {
      "date": "2025-03-31T00:00:00",
      "quarter_label": "2025-03 (Q1)",
      "revenue": 336157000,
      "gross_profit": -13952000,
      "operating_income": -22792000,
      "net_income": -48313000,
      "opex": 8840000,
      "cogs": 350109000,
      "rd": null,
      "sga": null,
      "fcf": -1887000,
      "ocf": 4625000,
      "capex": -6512000,
      "gross_margin": -0.04150441609129068,
      "op_margin": -0.0678016522041784,
      "fcf_margin": -0.005613448477943342,
      "incr_op_margin_yoy": 0.43590780428629194,
      "rev_growth_yoy": 0.12403782493262266,
      "rev_growth_yoy_accel": -0.0427040416873527,
      "fcf_margin_change": -0.24577956392760367
    },
    {
      "date": "2025-06-30T00:00:00",
      "quarter_label": "2025-06 (Q2)",
      "revenue": 276245000,
      "gross_profit": -29008000,
      "operating_income": -39406000,
      "net_income": -68227000,
      "opex": 10398000,
      "cogs": 305253000,
      "rd": null,
      "sga": null,
      "fcf": -29898000,
      "ocf": -26194000,
      "capex": -3704000,
      "gross_margin": -0.10500823544317545,
      "op_margin": -0.1426487357237235,
      "fcf_margin": -0.10823001321290883,
      "incr_op_margin_yoy": 0.0712200643393304,
      "rev_growth_yoy": -0.10836074198639842,
      "rev_growth_yoy_accel": -0.23239856691902108,
      "fcf_margin_change": -0.10261656473496548
    },
    {
      "date": "2025-09-30T00:00:00",
      "quarter_label": "2025-09 (Q3)",
      "revenue": 234412000,
      "gross_profit": -46536000,
      "operating_income": -80353000,
      "net_income": -128161000,
      "opex": 33817000,
      "cogs": 280948000,
      "rd": null,
      "sga": null,
      "fcf": -96315000,
      "ocf": -93259000,
      "capex": -3056000,
      "gross_margin": -0.19852225995256215,
      "op_margin": -0.34278535228571916,
      "fcf_margin": -0.4108791358804157,
      "incr_op_margin_yoy": 0.4699624188588999,
      "rev_growth_yoy": -0.3843608343269549,
      "rev_growth_yoy_accel": -0.27600009234055645,
      "fcf_margin_change": -0.3026491226675069
    }
  ],
  "signals": [
    {
      "quarter": "2025-09 (Q3)",
      "signal": "YoY REVENUE GROWTH DECELERATION",
      "detail": "YoY growth: -38.4% vs prior quarter YoY: -10.8% (decel: -27.6%)",
      "severity": "WARNING"
    },
    {
      "quarter": "2025-06 (Q2)",
      "signal": "YoY REVENUE GROWTH DECELERATION",
      "detail": "YoY growth: -10.8% vs prior quarter YoY: +12.4% (decel: -23.2%)",
      "severity": "WARNING"
    },
    {
      "quarter": "2024-12 (Q4)",
      "signal": "FCF TURNED POSITIVE",
      "detail": "FCF margin: -1.5% -> +24.0%",
      "severity": "HIGH"
    },
    {
      "quarter": "2024-12 (Q4)",
      "signal": "YoY REVENUE GROWTH ACCELERATION",
      "detail": "YoY growth: +16.7% vs prior quarter YoY: +2.1% (accel: +14.6%)",
      "severity": "MEDIUM"
    },
    {
      "quarter": "2024-09 (Q3)",
      "signal": "FCF MARGIN EXPANSION",
      "detail": "FCF margin: -14.2% -> -1.5% (+12.7%)",
      "severity": "MEDIUM"
    },
    {
      "quarter": "2024-09 (Q3)",
      "signal": "OPERATING LEVERAGE",
      "detail": "Rev growth +22.9% vs OpEx growth +13.9% (leverage: 1.6x)",
      "severity": "MEDIUM"
    },
    {
      "quarter": "2024-09 (Q3)",
      "signal": "YoY REVENUE GROWTH ACCELERATION",
      "detail": "YoY growth: +2.1% vs prior quarter YoY: -18.7% (accel: +20.9%)",
      "severity": "HIGH"
    },
    {
      "quarter": "2024-06 (Q2)",
      "signal": "YoY REVENUE GROWTH ACCELERATION",
      "detail": "YoY growth: -18.7% vs prior quarter YoY: -26.0% (accel: +7.2%)",
      "severity": "MEDIUM"
    },
    {
      "quarter": "2024-03 (Q1)",
      "signal": "YoY REVENUE GROWTH DECELERATION",
      "detail": "YoY growth: -26.0% vs prior quarter YoY: +31.3% (decel: -57.3%)",
      "severity": "WARNING"
    },
    {
      "quarter": "2023-12 (Q4)",
      "signal": "YoY REVENUE GROWTH ACCELERATION",
      "detail": "YoY growth: +31.3% vs prior quarter YoY: -18.8% (accel: +50.1%)",
      "severity": "HIGH"
    },
    {
      "quarter": "2023-09 (Q3)",
      "signal": "GROSS MARGIN INFLECTION",
      "detail": "GM: +0.7% -> -12.4% -> -3.0% (reversal +9.4%)",
      "severity": "HIGH"
    },
    {
      "quarter": "2023-06 (Q2)",
      "signal": "FCF TURNED POSITIVE",
      "detail": "FCF margin: -21.6% -> +1.6%",
      "severity": "HIGH"
    },
    {
      "quarter": "2023-06 (Q2)",
      "signal": "YoY REVENUE GROWTH DECELERATION",
      "detail": "YoY growth: -15.7% vs prior quarter YoY: +5.0% (decel: -20.7%)",
      "severity": "WARNING"
    },
    {
      "quarter": "2023-03 (Q1)",
      "signal": "OPERATING LEVERAGE",
      "detail": "Rev growth +78.6% vs OpEx growth +2.2% (leverage: 35.0x)",
      "severity": "MEDIUM"
    },
    {
      "quarter": "2023-03 (Q1)",
      "signal": "YoY REVENUE GROWTH ACCELERATION",
      "detail": "YoY growth: +5.0% vs prior quarter YoY: -41.9% (accel: +46.9%)",
      "severity": "HIGH"
    },
    {
      "quarter": "2022-12 (Q4)",
      "signal": "FCF TURNED POSITIVE",
      "detail": "FCF margin: -6.4% -> +6.8%",
      "severity": "HIGH"
    },
    {
      "quarter": "2022-12 (Q4)",
      "signal": "YoY REVENUE GROWTH DECELERATION",
      "detail": "YoY growth: -41.9% vs prior quarter YoY: -4.2% (decel: -37.7%)",
      "severity": "WARNING"
    },
    {
      "quarter": "2022-06 (Q2)",
      "signal": "FCF TURNED POSITIVE",
      "detail": "FCF margin: -22.5% -> +4.3%",
      "severity": "HIGH"
    },
    {
      "quarter": "2022-03 (Q1)",
      "signal": "GROSS MARGIN INFLECTION",
      "detail": "GM: -1.5% -> -10.3% -> -0.4% (reversal +9.9%)",
      "severity": "HIGH"
    },
    {
      "quarter": "2022-03 (Q1)",
      "signal": "YoY REVENUE GROWTH ACCELERATION",
      "detail": "YoY growth: -4.9% vs prior quarter YoY: -16.3% (accel: +11.5%)",
      "severity": "MEDIUM"
    }
  ],
  "data_quality": {
    "n_quarters": 20,
    "coverage": {
      "revenue": [
        20,
        20
      ],
      "gross_profit": [
        20,
        20
      ],
      "op_income": [
        20,
        20
      ],
      "fcf": [
        20,
        20
      ]
    },
    "gaps": [],
    "warnings": []
  },
  "market_cap": null,
  "source": "SEC EDGAR",
  "last_updated": "2026-02-03T00:34:08.840770"
}