{
  "ticker": "TPL",
  "name": "Texas Pacific Land Corporation",
  "sector": "Energy",
  "industry": "Oil & Gas E&P",
  "quarters": [
    {
      "date": "2021-03-31T00:00:00",
      "quarter_label": "2021-03 (Q1)",
      "revenue": 84155000,
      "gross_profit": null,
      "operating_income": 62022000,
      "net_income": 50052000,
      "opex": 22133000,
      "cogs": null,
      "rd": null,
      "sga": null,
      "fcf": 49649000,
      "ocf": 52387000,
      "capex": -2738000,
      "gross_margin": null,
      "op_margin": 0.7369972075337176,
      "fcf_margin": 0.589970887053651
    },
    {
      "date": "2021-06-30T00:00:00",
      "quarter_label": "2021-06 (Q2)",
      "revenue": 95932000,
      "gross_profit": null,
      "operating_income": 71270000,
      "net_income": 57046000,
      "opex": 24662000,
      "cogs": null,
      "rd": null,
      "sga": null,
      "fcf": 41928000,
      "ocf": 44102000,
      "capex": -2174000,
      "gross_margin": null,
      "op_margin": 0.7429220697994413,
      "fcf_margin": 0.4370595838719093,
      "op_leverage_ratio": 1.224746495403483,
      "fcf_margin_change": -0.15291130318174168
    },
    {
      "date": "2021-09-30T00:00:00",
      "quarter_label": "2021-09 (Q3)",
      "revenue": 123693000,
      "gross_profit": null,
      "operating_income": 103240000,
      "net_income": 83837000,
      "opex": 20453000,
      "cogs": null,
      "rd": null,
      "sga": null,
      "fcf": 71436000,
      "ocf": 78023000,
      "capex": -6587000,
      "gross_margin": null,
      "op_margin": 0.8346470697614254,
      "fcf_margin": 0.5775266183211661,
      "op_leverage_ratio": null,
      "fcf_margin_change": 0.14046703444925684
    },
    {
      "date": "2021-12-31T00:00:00",
      "quarter_label": "2021-12 (Q4)",
      "revenue": 147178000,
      "gross_profit": null,
      "operating_income": 125861000,
      "net_income": 79045000,
      "opex": 21317000,
      "cogs": null,
      "rd": null,
      "sga": null,
      "fcf": 85735000,
      "ocf": 90651000,
      "capex": -4916000,
      "gross_margin": null,
      "op_margin": 0.8551617768960035,
      "fcf_margin": 0.5825259209936268,
      "op_leverage_ratio": 4.4945758873297725,
      "fcf_margin_change": 0.004999302672460626
    },
    {
      "date": "2022-03-31T00:00:00",
      "quarter_label": "2022-03 (Q1)",
      "revenue": 147335000,
      "gross_profit": null,
      "operating_income": 124313000,
      "net_income": 97900000,
      "opex": 23022000,
      "cogs": null,
      "rd": null,
      "sga": null,
      "fcf": 104730000,
      "ocf": 107735000,
      "capex": -3005000,
      "gross_margin": null,
      "op_margin": 0.8437438490514814,
      "fcf_margin": 0.7108290630196491,
      "incr_op_margin_yoy": 0.985929091484647,
      "rev_growth_yoy": 0.7507575307468362,
      "fcf_margin_change": 0.12830314202602233
    },
    {
      "date": "2022-06-30T00:00:00",
      "quarter_label": "2022-06 (Q2)",
      "revenue": 176270000,
      "gross_profit": null,
      "operating_income": 151708000,
      "net_income": 118894000,
      "opex": 24562000,
      "cogs": null,
      "rd": null,
      "sga": null,
      "fcf": 80328000,
      "ocf": 87670000,
      "capex": -7342000,
      "gross_margin": null,
      "op_margin": 0.8606569467294491,
      "fcf_margin": 0.4557099903557043,
      "incr_op_margin_yoy": 1.0012447409694043,
      "rev_growth_yoy": 0.8374473585456365,
      "rev_growth_yoy_accel": 0.0866898277988003,
      "op_leverage_ratio": 2.9358907322697325,
      "fcf_margin_change": -0.2551190726639448
    },
    {
      "date": "2022-09-30T00:00:00",
      "quarter_label": "2022-09 (Q3)",
      "revenue": 191111000,
      "gross_profit": null,
      "operating_income": 162055000,
      "net_income": 129837000,
      "opex": 29056000,
      "cogs": null,
      "rd": null,
      "sga": null,
      "fcf": 117432000,
      "ocf": 119240000,
      "capex": -1808000,
      "gross_margin": null,
      "op_margin": 0.8479627023038967,
      "fcf_margin": 0.614470124691933,
      "incr_op_margin_yoy": 0.8723931294313092,
      "rev_growth_yoy": 0.5450429692868635,
      "rev_growth_yoy_accel": -0.292404389258773,
      "op_leverage_ratio": 0.46016694561376176,
      "fcf_margin_change": 0.15876013433622865
    },
    {
      "date": "2022-12-31T00:00:00",
      "quarter_label": "2022-12 (Q4)",
      "revenue": 152706000,
      "gross_profit": null,
      "operating_income": 124231000,
      "net_income": 99731000,
      "opex": 28475000,
      "cogs": null,
      "rd": null,
      "sga": null,
      "fcf": 125692000,
      "ocf": 132504000,
      "capex": -6812000,
      "gross_margin": null,
      "op_margin": 0.8135305750920069,
      "fcf_margin": 0.8230979791232826,
      "incr_op_margin_yoy": -0.294862518089725,
      "rev_growth_yoy": 0.03755996140727554,
      "rev_growth_yoy_accel": -0.5074830078795879,
      "fcf_margin_change": 0.20862785443134968
    },
    {
      "date": "2023-03-31T00:00:00",
      "quarter_label": "2023-03 (Q1)",
      "revenue": 146362000,
      "gross_profit": null,
      "operating_income": 104952000,
      "net_income": 86568000,
      "opex": 41410000,
      "cogs": null,
      "rd": null,
      "sga": null,
      "fcf": 111002000,
      "ocf": 114775000,
      "capex": -3773000,
      "gross_margin": null,
      "op_margin": 0.7170713709842719,
      "fcf_margin": 0.7584072368510952,
      "rev_growth_yoy": -0.006603997692333797,
      "rev_growth_yoy_accel": -0.04416395909960934,
      "fcf_margin_change": -0.06469074227218741
    },
    {
      "date": "2023-06-30T00:00:00",
      "quarter_label": "2023-06 (Q2)",
      "revenue": 160609000,
      "gross_profit": null,
      "operating_income": 120280000,
      "net_income": 100393000,
      "opex": 40329000,
      "cogs": null,
      "rd": null,
      "sga": null,
      "fcf": 83118000,
      "ocf": 84489000,
      "capex": -1371000,
      "gross_margin": null,
      "op_margin": 0.7488995012732785,
      "fcf_margin": 0.5175176982609941,
      "incr_op_margin_yoy": 2.0067684055935127,
      "rev_growth_yoy": -0.08884665569864413,
      "rev_growth_yoy_accel": -0.08224265800631032,
      "op_leverage_ratio": null,
      "fcf_margin_change": -0.2408895385901011
    },
    {
      "date": "2023-09-30T00:00:00",
      "quarter_label": "2023-09 (Q3)",
      "revenue": 157967000,
      "gross_profit": null,
      "operating_income": 126958000,
      "net_income": 105574000,
      "opex": 31009000,
      "cogs": null,
      "rd": null,
      "sga": null,
      "fcf": 102351000,
      "ocf": 107594000,
      "capex": -5243000,
      "gross_margin": null,
      "op_margin": 0.8036995068590275,
      "fcf_margin": 0.647926465654219,
      "incr_op_margin_yoy": 1.0589246922519913,
      "rev_growth_yoy": -0.17342800780698128,
      "rev_growth_yoy_accel": -0.08458135210833716,
      "fcf_margin_change": 0.13040876739322482
    },
    {
      "date": "2023-12-31T00:00:00",
      "quarter_label": "2023-12 (Q4)",
      "revenue": 166657000,
      "gross_profit": null,
      "operating_income": 133863000,
      "net_income": 113110000,
      "opex": 32794000,
      "cogs": null,
      "rd": null,
      "sga": null,
      "fcf": 111430000,
      "ocf": 111430000,
      "capex": null,
      "gross_margin": null,
      "op_margin": 0.8032245870260475,
      "fcf_margin": 0.6686187798892336,
      "incr_op_margin_yoy": 0.6904164576016056,
      "rev_growth_yoy": 0.09135855827537884,
      "rev_growth_yoy_accel": 0.2647865660823601,
      "op_leverage_ratio": 0.9556589834145943,
      "fcf_margin_change": 0.02069231423501461
    },
    {
      "date": "2024-03-31T00:00:00",
      "quarter_label": "2024-03 (Q1)",
      "revenue": 174142000,
      "gross_profit": null,
      "operating_income": 136041000,
      "net_income": 114417000,
      "opex": 38101000,
      "cogs": null,
      "rd": null,
      "sga": null,
      "fcf": 147244000,
      "ocf": 147244000,
      "capex": null,
      "gross_margin": null,
      "op_margin": 0.7812072906019226,
      "fcf_margin": 0.8455398467916987,
      "incr_op_margin_yoy": 1.1191144708423326,
      "rev_growth_yoy": 0.18980336426121533,
      "rev_growth_yoy_accel": 0.09844480598583649,
      "op_leverage_ratio": 0.27753230942340956,
      "fcf_margin_change": 0.17692106690246512
    },
    {
      "date": "2024-06-30T00:00:00",
      "quarter_label": "2024-06 (Q2)",
      "revenue": 172334000,
      "gross_profit": null,
      "operating_income": 133222000,
      "net_income": 114589000,
      "opex": 39112000,
      "cogs": null,
      "rd": null,
      "sga": null,
      "fcf": 98289000,
      "ocf": 98289000,
      "capex": null,
      "gross_margin": null,
      "op_margin": 0.7730453653951048,
      "fcf_margin": 0.5703401534230041,
      "incr_op_margin_yoy": 1.1037953091684436,
      "rev_growth_yoy": 0.07300338088151971,
      "rev_growth_yoy_accel": -0.11679998337969562,
      "fcf_margin_change": -0.27519969336869454
    },
    {
      "date": "2024-09-30T00:00:00",
      "quarter_label": "2024-09 (Q3)",
      "revenue": 173563000,
      "gross_profit": null,
      "operating_income": 127331000,
      "net_income": 106594000,
      "opex": 46232000,
      "cogs": null,
      "rd": null,
      "sga": null,
      "fcf": 118563000,
      "ocf": 118563000,
      "capex": null,
      "gross_margin": null,
      "op_margin": 0.7336298635077753,
      "fcf_margin": 0.6831121840484435,
      "incr_op_margin_yoy": 0.02391638881764555,
      "rev_growth_yoy": 0.09872948147397874,
      "rev_growth_yoy_accel": 0.025726100592459028,
      "fcf_margin_change": 0.11277203062543939
    },
    {
      "date": "2024-12-31T00:00:00",
      "quarter_label": "2024-12 (Q4)",
      "revenue": 185784000,
      "gross_profit": null,
      "operating_income": 142544000,
      "net_income": 118360000,
      "opex": 43240000,
      "cogs": null,
      "rd": null,
      "sga": null,
      "fcf": 126576000,
      "ocf": 126576000,
      "capex": null,
      "gross_margin": null,
      "op_margin": 0.7672565990612754,
      "fcf_margin": 0.68130732463506,
      "incr_op_margin_yoy": 0.4538610341402206,
      "rev_growth_yoy": 0.11476865658208175,
      "rev_growth_yoy_accel": 0.016039175108103015,
      "op_leverage_ratio": null,
      "fcf_margin_change": -0.001804859413383486
    },
    {
      "date": "2025-03-31T00:00:00",
      "quarter_label": "2025-03 (Q1)",
      "revenue": 195983000,
      "gross_profit": null,
      "operating_income": 150073000,
      "net_income": 120652000,
      "opex": 45910000,
      "cogs": null,
      "rd": null,
      "sga": null,
      "fcf": 156726000,
      "ocf": 156726000,
      "capex": null,
      "gross_margin": null,
      "op_margin": 0.7657449880857014,
      "fcf_margin": 0.7996918100039289,
      "incr_op_margin_yoy": 0.6424614257588939,
      "rev_growth_yoy": 0.12542063373568696,
      "rev_growth_yoy_accel": 0.010651977153605205,
      "op_leverage_ratio": 0.8890449236606934,
      "fcf_margin_change": 0.11838448536886881
    },
    {
      "date": "2025-06-30T00:00:00",
      "quarter_label": "2025-06 (Q2)",
      "revenue": 187543000,
      "gross_profit": null,
      "operating_income": 143751000,
      "net_income": 116140000,
      "opex": 43792000,
      "cogs": null,
      "rd": null,
      "sga": null,
      "fcf": 120900000,
      "ocf": 120900000,
      "capex": null,
      "gross_margin": null,
      "op_margin": 0.7664962168675984,
      "fcf_margin": 0.6446521597713591,
      "incr_op_margin_yoy": 0.6922874613715563,
      "rev_growth_yoy": 0.08825304350853574,
      "rev_growth_yoy_accel": -0.037167590227151215,
      "fcf_margin_change": -0.15503965023256971
    },
    {
      "date": "2025-09-30T00:00:00",
      "quarter_label": "2025-09 (Q3)",
      "revenue": 203085000,
      "gross_profit": null,
      "operating_income": 149091000,
      "net_income": 121238000,
      "opex": 53994000,
      "cogs": null,
      "rd": null,
      "sga": null,
      "fcf": 154612000,
      "ocf": 154612000,
      "capex": null,
      "gross_margin": null,
      "op_margin": 0.7341310288795332,
      "fcf_margin": 0.761316690055888,
      "incr_op_margin_yoy": 0.7370774337781993,
      "rev_growth_yoy": 0.1700938564094882,
      "rev_growth_yoy_accel": 0.08184081290095246,
      "op_leverage_ratio": 0.35572591623640326,
      "fcf_margin_change": 0.11666453028452883
    },
    {
      "date": "2025-12-31T00:00:00",
      "quarter_label": "2025-12 (Q4)",
      "revenue": 211579000,
      "gross_profit": null,
      "operating_income": 149246000,
      "net_income": 123346000,
      "opex": 62333000,
      "cogs": null,
      "rd": null,
      "sga": null,
      "fcf": 113672000,
      "ocf": 113672000,
      "capex": null,
      "gross_margin": null,
      "op_margin": 0.7053913668180679,
      "fcf_margin": 0.5372555877473663,
      "incr_op_margin_yoy": 0.25981779414615236,
      "rev_growth_yoy": 0.13884403393187789,
      "rev_growth_yoy_accel": -0.031249822477610323,
      "op_leverage_ratio": 0.2708107735576502,
      "fcf_margin_change": -0.22406110230852172
    }
  ],
  "signals": [
    {
      "quarter": "2025-09 (Q3)",
      "signal": "FCF MARGIN EXPANSION",
      "detail": "FCF margin: +64.5% -> +76.1% (+11.7%)",
      "severity": "MEDIUM"
    },
    {
      "quarter": "2025-09 (Q3)",
      "signal": "YoY REVENUE GROWTH ACCELERATION",
      "detail": "YoY growth: +17.0% vs prior quarter YoY: +8.8% (accel: +8.2%)",
      "severity": "MEDIUM"
    },
    {
      "quarter": "2025-03 (Q1)",
      "signal": "FCF MARGIN EXPANSION",
      "detail": "FCF margin: +68.1% -> +80.0% (+11.8%)",
      "severity": "MEDIUM"
    },
    {
      "quarter": "2024-09 (Q3)",
      "signal": "FCF MARGIN EXPANSION",
      "detail": "FCF margin: +57.0% -> +68.3% (+11.3%)",
      "severity": "MEDIUM"
    },
    {
      "quarter": "2024-06 (Q2)",
      "signal": "YoY REVENUE GROWTH DECELERATION",
      "detail": "YoY growth: +7.3% vs prior quarter YoY: +19.0% (decel: -11.7%)",
      "severity": "WARNING"
    },
    {
      "quarter": "2024-06 (Q2)",
      "signal": "INCREMENTAL MARGIN (YoY)",
      "detail": "YoY Incr OPM: +110.4% vs year-ago OPM: +74.9%",
      "severity": "HIGH"
    },
    {
      "quarter": "2024-03 (Q1)",
      "signal": "FCF MARGIN EXPANSION",
      "detail": "FCF margin: +66.9% -> +84.6% (+17.7%)",
      "severity": "MEDIUM"
    },
    {
      "quarter": "2024-03 (Q1)",
      "signal": "YoY REVENUE GROWTH ACCELERATION",
      "detail": "YoY growth: +19.0% vs prior quarter YoY: +9.1% (accel: +9.8%)",
      "severity": "MEDIUM"
    },
    {
      "quarter": "2024-03 (Q1)",
      "signal": "INCREMENTAL MARGIN (YoY)",
      "detail": "YoY Incr OPM: +111.9% vs year-ago OPM: +71.7%",
      "severity": "HIGH"
    },
    {
      "quarter": "2023-12 (Q4)",
      "signal": "YoY REVENUE GROWTH ACCELERATION",
      "detail": "YoY growth: +9.1% vs prior quarter YoY: -17.3% (accel: +26.5%)",
      "severity": "HIGH"
    },
    {
      "quarter": "2023-09 (Q3)",
      "signal": "FCF MARGIN EXPANSION",
      "detail": "FCF margin: +51.8% -> +64.8% (+13.0%)",
      "severity": "MEDIUM"
    },
    {
      "quarter": "2023-09 (Q3)",
      "signal": "YoY REVENUE GROWTH DECELERATION",
      "detail": "YoY growth: -17.3% vs prior quarter YoY: -8.9% (decel: -8.5%)",
      "severity": "WARNING"
    },
    {
      "quarter": "2023-09 (Q3)",
      "signal": "INCREMENTAL MARGIN (YoY)",
      "detail": "YoY Incr OPM: +105.9% vs year-ago OPM: +84.8%",
      "severity": "HIGH"
    },
    {
      "quarter": "2023-06 (Q2)",
      "signal": "YoY REVENUE GROWTH DECELERATION",
      "detail": "YoY growth: -8.9% vs prior quarter YoY: -0.7% (decel: -8.2%)",
      "severity": "WARNING"
    },
    {
      "quarter": "2023-06 (Q2)",
      "signal": "INCREMENTAL MARGIN (YoY)",
      "detail": "YoY Incr OPM: +200.7% vs year-ago OPM: +86.1%",
      "severity": "HIGH"
    },
    {
      "quarter": "2022-12 (Q4)",
      "signal": "FCF MARGIN EXPANSION",
      "detail": "FCF margin: +61.4% -> +82.3% (+20.9%)",
      "severity": "MEDIUM"
    },
    {
      "quarter": "2022-12 (Q4)",
      "signal": "YoY REVENUE GROWTH DECELERATION",
      "detail": "YoY growth: +3.8% vs prior quarter YoY: +54.5% (decel: -50.7%)",
      "severity": "WARNING"
    },
    {
      "quarter": "2022-09 (Q3)",
      "signal": "FCF MARGIN EXPANSION",
      "detail": "FCF margin: +45.6% -> +61.4% (+15.9%)",
      "severity": "MEDIUM"
    },
    {
      "quarter": "2022-09 (Q3)",
      "signal": "YoY REVENUE GROWTH DECELERATION",
      "detail": "YoY growth: +54.5% vs prior quarter YoY: +83.7% (decel: -29.2%)",
      "severity": "WARNING"
    },
    {
      "quarter": "2022-06 (Q2)",
      "signal": "OPERATING LEVERAGE",
      "detail": "Rev growth +19.6% vs OpEx growth +6.7% (leverage: 2.9x)",
      "severity": "MEDIUM"
    },
    {
      "quarter": "2022-06 (Q2)",
      "signal": "YoY REVENUE GROWTH ACCELERATION",
      "detail": "YoY growth: +83.7% vs prior quarter YoY: +75.1% (accel: +8.7%)",
      "severity": "MEDIUM"
    },
    {
      "quarter": "2022-06 (Q2)",
      "signal": "INCREMENTAL MARGIN (YoY)",
      "detail": "YoY Incr OPM: +100.1% vs year-ago OPM: +74.3%",
      "severity": "HIGH"
    },
    {
      "quarter": "2022-03 (Q1)",
      "signal": "FCF MARGIN EXPANSION",
      "detail": "FCF margin: +58.3% -> +71.1% (+12.8%)",
      "severity": "MEDIUM"
    },
    {
      "quarter": "2022-03 (Q1)",
      "signal": "INCREMENTAL MARGIN (YoY)",
      "detail": "YoY Incr OPM: +98.6% vs year-ago OPM: +73.7%",
      "severity": "HIGH"
    },
    {
      "quarter": "2021-12 (Q4)",
      "signal": "OPERATING LEVERAGE",
      "detail": "Rev growth +19.0% vs OpEx growth +4.2% (leverage: 4.5x)",
      "severity": "MEDIUM"
    },
    {
      "quarter": "2021-09 (Q3)",
      "signal": "FCF MARGIN EXPANSION",
      "detail": "FCF margin: +43.7% -> +57.8% (+14.0%)",
      "severity": "MEDIUM"
    }
  ],
  "data_quality": {
    "n_quarters": 20,
    "coverage": {
      "revenue": [
        20,
        20
      ],
      "gross_profit": [
        0,
        20
      ],
      "op_income": [
        20,
        20
      ],
      "fcf": [
        20,
        20
      ]
    },
    "gaps": [],
    "warnings": [
      "gross_profit: no data"
    ]
  },
  "market_cap": null,
  "source": "SEC EDGAR",
  "last_updated": "2026-02-24T10:31:24.779627"
}