{
  "ticker": "TPTA",
  "name": "TERRA PROPERTY TRUST, INC.",
  "quarters": [
    {
      "date": "2020-12-31T00:00:00",
      "quarter_label": "2020-12 (Q4)",
      "revenue": 13116270,
      "gross_profit": null,
      "operating_income": 4650755,
      "net_income": null,
      "opex": 8465515,
      "cogs": null,
      "rd": null,
      "sga": null,
      "fcf": 1701974,
      "ocf": 1701974,
      "capex": null,
      "gross_margin": null,
      "op_margin": 0.35457908384014664,
      "fcf_margin": 0.1297605188060325
    },
    {
      "date": "2021-03-31T00:00:00",
      "quarter_label": "2021-03 (Q1)",
      "revenue": 10289252,
      "gross_profit": null,
      "operating_income": 4709527,
      "net_income": null,
      "opex": 5579725,
      "cogs": null,
      "rd": null,
      "sga": null,
      "fcf": -1757148,
      "ocf": -1757148,
      "capex": null,
      "gross_margin": null,
      "op_margin": 0.45771325262516654,
      "fcf_margin": -0.17077509618775008,
      "fcf_margin_change": -0.30053561499378256
    },
    {
      "date": "2021-06-30T00:00:00",
      "quarter_label": "2021-06 (Q2)",
      "revenue": 11256297,
      "gross_profit": null,
      "operating_income": 4155775,
      "net_income": null,
      "opex": 7100522,
      "cogs": null,
      "rd": null,
      "sga": null,
      "fcf": 1884412,
      "ocf": 1884412,
      "capex": null,
      "gross_margin": null,
      "op_margin": 0.369195571154528,
      "fcf_margin": 0.16740958416431265,
      "op_leverage_ratio": 0.3448295121670386,
      "fcf_margin_change": 0.3381846803520627
    },
    {
      "date": "2021-09-30T00:00:00",
      "quarter_label": "2021-09 (Q3)",
      "revenue": 12646118,
      "gross_profit": null,
      "operating_income": 5806671,
      "net_income": null,
      "opex": 6839447,
      "cogs": null,
      "rd": null,
      "sga": null,
      "fcf": -5294849,
      "ocf": -5294849,
      "capex": null,
      "gross_margin": null,
      "op_margin": 0.45916628328155723,
      "fcf_margin": -0.41869362598071597,
      "op_leverage_ratio": Infinity,
      "fcf_margin_change": -0.5861032101450286
    },
    {
      "date": "2021-12-31T00:00:00",
      "quarter_label": "2021-12 (Q4)",
      "revenue": 12493590,
      "gross_profit": null,
      "operating_income": -6901119,
      "net_income": null,
      "opex": 19394709,
      "cogs": null,
      "rd": null,
      "sga": null,
      "fcf": 9274404,
      "ocf": 9274404,
      "capex": null,
      "gross_margin": null,
      "op_margin": -0.5523727767599225,
      "fcf_margin": 0.7423329883564291,
      "rev_growth_yoy": -0.047473862614905,
      "fcf_margin_change": 1.161026614337145
    },
    {
      "date": "2022-03-31T00:00:00",
      "quarter_label": "2022-03 (Q1)",
      "revenue": 12112270,
      "gross_profit": null,
      "operating_income": 2892472,
      "net_income": null,
      "opex": 9219798,
      "cogs": null,
      "rd": null,
      "sga": null,
      "fcf": 3109077,
      "ocf": 3109077,
      "capex": null,
      "gross_margin": null,
      "op_margin": 0.23880511250162026,
      "fcf_margin": 0.25668821781548795,
      "incr_op_margin_yoy": -0.9967290503988441,
      "rev_growth_yoy": 0.17717692209307342,
      "rev_growth_yoy_accel": 0.22465078470797842,
      "fcf_margin_change": -0.4856447705409412
    },
    {
      "date": "2022-06-30T00:00:00",
      "quarter_label": "2022-06 (Q2)",
      "revenue": 14688113,
      "gross_profit": null,
      "operating_income": 6097994,
      "net_income": null,
      "opex": 8590119,
      "cogs": null,
      "rd": null,
      "sga": null,
      "fcf": 262855,
      "ocf": 262855,
      "capex": null,
      "gross_margin": null,
      "op_margin": 0.4151652428055258,
      "fcf_margin": 0.01789576373765643,
      "incr_op_margin_yoy": 0.5659449690775963,
      "rev_growth_yoy": 0.30487965980286413,
      "rev_growth_yoy_accel": 0.1277027377097907,
      "op_leverage_ratio": Infinity,
      "fcf_margin_change": -0.2387924540778315
    },
    {
      "date": "2022-09-30T00:00:00",
      "quarter_label": "2022-09 (Q3)",
      "revenue": 13663166,
      "gross_profit": null,
      "operating_income": -3202550,
      "net_income": null,
      "opex": 16865716,
      "cogs": null,
      "rd": null,
      "sga": null,
      "fcf": -7105131,
      "ocf": -7105131,
      "capex": null,
      "gross_margin": null,
      "op_margin": -0.23439296572990476,
      "fcf_margin": -0.5200208355808602,
      "incr_op_margin_yoy": -8.858206299014402,
      "rev_growth_yoy": 0.0804237316147137,
      "rev_growth_yoy_accel": -0.22445592818815044,
      "fcf_margin_change": -0.5379165993185167
    },
    {
      "date": "2022-12-31T00:00:00",
      "quarter_label": "2022-12 (Q4)",
      "revenue": 16150897,
      "gross_profit": null,
      "operating_income": 5041305,
      "net_income": null,
      "opex": 11109592,
      "cogs": null,
      "rd": null,
      "sga": null,
      "fcf": 4136967,
      "ocf": 4136967,
      "capex": null,
      "gross_margin": null,
      "op_margin": 0.3121377716667997,
      "fcf_margin": 0.25614472063068694,
      "incr_op_margin_yoy": 3.2653600039591972,
      "rev_growth_yoy": 0.2927346743410021,
      "rev_growth_yoy_accel": 0.2123109427262884,
      "op_leverage_ratio": Infinity,
      "fcf_margin_change": 0.7761655562115471
    },
    {
      "date": "2023-03-31T00:00:00",
      "quarter_label": "2023-03 (Q1)",
      "revenue": 17002171,
      "gross_profit": null,
      "operating_income": 10023938,
      "net_income": 547479,
      "opex": 6978233,
      "cogs": null,
      "rd": null,
      "sga": null,
      "fcf": 8661008,
      "ocf": 8661008,
      "capex": null,
      "gross_margin": null,
      "op_margin": 0.5895681204476769,
      "fcf_margin": 0.5094060046802258,
      "incr_op_margin_yoy": 1.4584070311443933,
      "rev_growth_yoy": 0.40371466289968766,
      "rev_growth_yoy_accel": 0.11097998855868557,
      "op_leverage_ratio": Infinity,
      "fcf_margin_change": 0.25326128404953885
    },
    {
      "date": "2023-06-30T00:00:00",
      "quarter_label": "2023-06 (Q2)",
      "revenue": 18782455,
      "gross_profit": null,
      "operating_income": -7037865,
      "net_income": -19237065,
      "opex": 25820320,
      "cogs": null,
      "rd": null,
      "sga": null,
      "fcf": 3344829,
      "ocf": 3344829,
      "capex": null,
      "gross_margin": null,
      "op_margin": -0.3747042119893273,
      "fcf_margin": 0.17808263083819448,
      "incr_op_margin_yoy": -3.2082954965657486,
      "rev_growth_yoy": 0.278752076594182,
      "rev_growth_yoy_accel": -0.12496258630550566,
      "op_leverage_ratio": 0.03877942545626331,
      "fcf_margin_change": -0.3313233738420313
    },
    {
      "date": "2023-09-30T00:00:00",
      "quarter_label": "2023-09 (Q3)",
      "revenue": 17109571,
      "gross_profit": null,
      "operating_income": -20653463,
      "net_income": -17477698,
      "opex": 37763034,
      "cogs": null,
      "rd": null,
      "sga": null,
      "fcf": -6047884,
      "ocf": -6047884,
      "capex": null,
      "gross_margin": null,
      "op_margin": -1.2071292144028627,
      "fcf_margin": -0.35347958169144045,
      "incr_op_margin_yoy": -5.063511978423894,
      "rev_growth_yoy": 0.25224058611305755,
      "rev_growth_yoy_accel": -0.026511490481124445,
      "fcf_margin_change": -0.5315622125296349
    },
    {
      "date": "2023-12-31T00:00:00",
      "quarter_label": "2023-12 (Q4)",
      "revenue": 15019837,
      "gross_profit": null,
      "operating_income": -6816860,
      "net_income": -20718755,
      "opex": 21836697,
      "cogs": null,
      "rd": null,
      "sga": null,
      "fcf": 2652045,
      "ocf": 2652045,
      "capex": null,
      "gross_margin": null,
      "op_margin": -0.4538571224175069,
      "fcf_margin": 0.17656949273151235,
      "incr_op_margin_yoy": 10.484116669319047,
      "rev_growth_yoy": -0.07003078528703391,
      "rev_growth_yoy_accel": -0.32227137140009143,
      "fcf_margin_change": 0.5300490744229528
    },
    {
      "date": "2024-03-31T00:00:00",
      "quarter_label": "2024-03 (Q1)",
      "revenue": 15009345,
      "gross_profit": null,
      "operating_income": 4796585,
      "net_income": -6183974,
      "opex": 10212760,
      "cogs": null,
      "rd": null,
      "sga": null,
      "fcf": -4186780,
      "ocf": -4186780,
      "capex": null,
      "gross_margin": null,
      "op_margin": 0.31957323920530845,
      "fcf_margin": -0.2789448840039322,
      "incr_op_margin_yoy": 2.623085507716178,
      "rev_growth_yoy": -0.11721009040551351,
      "rev_growth_yoy_accel": -0.047179305118479606,
      "fcf_margin_change": -0.45551437673544454
    },
    {
      "date": "2024-06-30T00:00:00",
      "quarter_label": "2024-06 (Q2)",
      "revenue": 11173520,
      "gross_profit": null,
      "operating_income": 701834,
      "net_income": -7539310,
      "opex": 10471686,
      "cogs": null,
      "rd": null,
      "sga": null,
      "fcf": -3125647,
      "ocf": -3125647,
      "capex": null,
      "gross_margin": null,
      "op_margin": 0.06281225611982616,
      "fcf_margin": -0.2797370032004239,
      "incr_op_margin_yoy": -1.0171855851048799,
      "rev_growth_yoy": -0.4051086505997219,
      "rev_growth_yoy_accel": -0.2878985601942084,
      "fcf_margin_change": -0.0007921191964916918
    },
    {
      "date": "2024-09-30T00:00:00",
      "quarter_label": "2024-09 (Q3)",
      "revenue": 12206299,
      "gross_profit": null,
      "operating_income": 6607576,
      "net_income": -7803936,
      "opex": 5598723,
      "cogs": null,
      "rd": null,
      "sga": null,
      "fcf": 1740972,
      "ocf": 1740972,
      "capex": null,
      "gross_margin": null,
      "op_margin": 0.5413250978040108,
      "fcf_margin": 0.14262898197070217,
      "incr_op_margin_yoy": -5.55976478563702,
      "rev_growth_yoy": -0.2865806512623841,
      "rev_growth_yoy_accel": 0.11852799933733782,
      "op_leverage_ratio": Infinity,
      "fcf_margin_change": 0.42236598517112606
    },
    {
      "date": "2024-12-31T00:00:00",
      "quarter_label": "2024-12 (Q4)",
      "revenue": 11300330,
      "gross_profit": null,
      "operating_income": -8168055,
      "net_income": -15632735,
      "opex": 19468385,
      "cogs": null,
      "rd": null,
      "sga": null,
      "fcf": 2313336,
      "ocf": 2313336,
      "capex": null,
      "gross_margin": null,
      "op_margin": -0.7228156168890643,
      "fcf_margin": 0.20471402162591712,
      "incr_op_margin_yoy": 0.3632726057512461,
      "rev_growth_yoy": -0.24763963816651272,
      "rev_growth_yoy_accel": 0.03894101309587136,
      "fcf_margin_change": 0.062085039655214946
    },
    {
      "date": "2025-03-31T00:00:00",
      "quarter_label": "2025-03 (Q1)",
      "revenue": 12456749,
      "gross_profit": null,
      "operating_income": 4084212,
      "net_income": -1285064,
      "opex": 8372537,
      "cogs": null,
      "rd": null,
      "sga": null,
      "fcf": 861561,
      "ocf": 861561,
      "capex": null,
      "gross_margin": null,
      "op_margin": 0.3278714213475763,
      "fcf_margin": 0.06916419364314076,
      "incr_op_margin_yoy": 0.2790778485902195,
      "rev_growth_yoy": -0.17006711485411255,
      "rev_growth_yoy_accel": 0.07757252331240017,
      "op_leverage_ratio": Infinity,
      "fcf_margin_change": -0.13554982798277637
    },
    {
      "date": "2025-06-30T00:00:00",
      "quarter_label": "2025-06 (Q2)",
      "revenue": 8610111,
      "gross_profit": null,
      "operating_income": -2441710,
      "net_income": -9172096,
      "opex": 11051821,
      "cogs": null,
      "rd": null,
      "sga": null,
      "fcf": 1151576,
      "ocf": 1151576,
      "capex": null,
      "gross_margin": null,
      "op_margin": -0.28358635562305756,
      "fcf_margin": 0.13374694008009885,
      "incr_op_margin_yoy": 1.2263138656375163,
      "rev_growth_yoy": -0.22941821377685814,
      "rev_growth_yoy_accel": -0.05935109892274559,
      "fcf_margin_change": 0.06458274643695809
    },
    {
      "date": "2025-09-30T00:00:00",
      "quarter_label": "2025-09 (Q3)",
      "revenue": 7295239,
      "gross_profit": null,
      "operating_income": 490780,
      "net_income": -6738859,
      "opex": 6804459,
      "cogs": null,
      "rd": null,
      "sga": null,
      "fcf": -4254998,
      "ocf": -4254998,
      "capex": null,
      "gross_margin": null,
      "op_margin": 0.0672740125443457,
      "fcf_margin": -0.5832568336691917,
      "incr_op_margin_yoy": 1.2455144103309672,
      "rev_growth_yoy": -0.4023381698252681,
      "rev_growth_yoy_accel": -0.17291995604840996,
      "fcf_margin_change": -0.7170037737492905
    }
  ],
  "signals": [
    {
      "quarter": "2025-09 (Q3)",
      "signal": "YoY REVENUE GROWTH DECELERATION",
      "detail": "YoY growth: -40.2% vs prior quarter YoY: -22.9% (decel: -17.3%)",
      "severity": "WARNING"
    },
    {
      "quarter": "2025-09 (Q3)",
      "signal": "INCREMENTAL MARGIN (YoY)",
      "detail": "YoY Incr OPM: +124.6% vs year-ago OPM: +54.1%",
      "severity": "HIGH"
    },
    {
      "quarter": "2025-09 (Q3)",
      "signal": "OP MARGIN TURNED POSITIVE (QoQ)",
      "detail": "Op margin: -28.4% -> +6.7%",
      "severity": "HIGH"
    },
    {
      "quarter": "2025-06 (Q2)",
      "signal": "FCF MARGIN EXPANSION",
      "detail": "FCF margin: +6.9% -> +13.4% (+6.5%)",
      "severity": "MEDIUM"
    },
    {
      "quarter": "2025-06 (Q2)",
      "signal": "YoY REVENUE GROWTH DECELERATION",
      "detail": "YoY growth: -22.9% vs prior quarter YoY: -17.0% (decel: -5.9%)",
      "severity": "WARNING"
    },
    {
      "quarter": "2025-03 (Q1)",
      "signal": "YoY REVENUE GROWTH ACCELERATION",
      "detail": "YoY growth: -17.0% vs prior quarter YoY: -24.8% (accel: +7.8%)",
      "severity": "MEDIUM"
    },
    {
      "quarter": "2025-03 (Q1)",
      "signal": "OP MARGIN TURNED POSITIVE (QoQ)",
      "detail": "Op margin: -72.3% -> +32.8%",
      "severity": "HIGH"
    },
    {
      "quarter": "2024-12 (Q4)",
      "signal": "FCF MARGIN EXPANSION",
      "detail": "FCF margin: +14.3% -> +20.5% (+6.2%)",
      "severity": "MEDIUM"
    },
    {
      "quarter": "2024-09 (Q3)",
      "signal": "FCF TURNED POSITIVE",
      "detail": "FCF margin: -28.0% -> +14.3%",
      "severity": "HIGH"
    },
    {
      "quarter": "2024-09 (Q3)",
      "signal": "YoY REVENUE GROWTH ACCELERATION",
      "detail": "YoY growth: -28.7% vs prior quarter YoY: -40.5% (accel: +11.9%)",
      "severity": "MEDIUM"
    },
    {
      "quarter": "2024-09 (Q3)",
      "signal": "OP MARGIN TURNED POSITIVE (YoY)",
      "detail": "Op margin: -120.7% (year-ago) -> +54.1%",
      "severity": "HIGH"
    },
    {
      "quarter": "2024-06 (Q2)",
      "signal": "YoY REVENUE GROWTH DECELERATION",
      "detail": "YoY growth: -40.5% vs prior quarter YoY: -11.7% (decel: -28.8%)",
      "severity": "WARNING"
    },
    {
      "quarter": "2024-06 (Q2)",
      "signal": "OP MARGIN TURNED POSITIVE (YoY)",
      "detail": "Op margin: -37.5% (year-ago) -> +6.3%",
      "severity": "HIGH"
    },
    {
      "quarter": "2024-03 (Q1)",
      "signal": "INCREMENTAL MARGIN (YoY)",
      "detail": "YoY Incr OPM: +262.3% vs year-ago OPM: +59.0%",
      "severity": "HIGH"
    },
    {
      "quarter": "2024-03 (Q1)",
      "signal": "OP MARGIN TURNED POSITIVE (QoQ)",
      "detail": "Op margin: -45.4% -> +32.0%",
      "severity": "HIGH"
    },
    {
      "quarter": "2023-12 (Q4)",
      "signal": "FCF TURNED POSITIVE",
      "detail": "FCF margin: -35.3% -> +17.7%",
      "severity": "HIGH"
    },
    {
      "quarter": "2023-12 (Q4)",
      "signal": "YoY REVENUE GROWTH DECELERATION",
      "detail": "YoY growth: -7.0% vs prior quarter YoY: +25.2% (decel: -32.2%)",
      "severity": "WARNING"
    },
    {
      "quarter": "2023-06 (Q2)",
      "signal": "YoY REVENUE GROWTH DECELERATION",
      "detail": "YoY growth: +27.9% vs prior quarter YoY: +40.4% (decel: -12.5%)",
      "severity": "WARNING"
    },
    {
      "quarter": "2023-03 (Q1)",
      "signal": "FCF MARGIN EXPANSION",
      "detail": "FCF margin: +25.6% -> +50.9% (+25.3%)",
      "severity": "MEDIUM"
    },
    {
      "quarter": "2023-03 (Q1)",
      "signal": "YoY REVENUE GROWTH ACCELERATION",
      "detail": "YoY growth: +40.4% vs prior quarter YoY: +29.3% (accel: +11.1%)",
      "severity": "MEDIUM"
    },
    {
      "quarter": "2023-03 (Q1)",
      "signal": "INCREMENTAL MARGIN (YoY)",
      "detail": "YoY Incr OPM: +145.8% vs year-ago OPM: +23.9%",
      "severity": "HIGH"
    },
    {
      "quarter": "2022-12 (Q4)",
      "signal": "FCF TURNED POSITIVE",
      "detail": "FCF margin: -52.0% -> +25.6%",
      "severity": "HIGH"
    },
    {
      "quarter": "2022-12 (Q4)",
      "signal": "YoY REVENUE GROWTH ACCELERATION",
      "detail": "YoY growth: +29.3% vs prior quarter YoY: +8.0% (accel: +21.2%)",
      "severity": "HIGH"
    },
    {
      "quarter": "2022-12 (Q4)",
      "signal": "OP MARGIN TURNED POSITIVE (YoY)",
      "detail": "Op margin: -55.2% (year-ago) -> +31.2%",
      "severity": "HIGH"
    },
    {
      "quarter": "2022-12 (Q4)",
      "signal": "OP MARGIN TURNED POSITIVE (QoQ)",
      "detail": "Op margin: -23.4% -> +31.2%",
      "severity": "HIGH"
    },
    {
      "quarter": "2022-09 (Q3)",
      "signal": "YoY REVENUE GROWTH DECELERATION",
      "detail": "YoY growth: +8.0% vs prior quarter YoY: +30.5% (decel: -22.4%)",
      "severity": "WARNING"
    },
    {
      "quarter": "2022-06 (Q2)",
      "signal": "YoY REVENUE GROWTH ACCELERATION",
      "detail": "YoY growth: +30.5% vs prior quarter YoY: +17.7% (accel: +12.8%)",
      "severity": "MEDIUM"
    },
    {
      "quarter": "2022-06 (Q2)",
      "signal": "INCREMENTAL MARGIN (YoY)",
      "detail": "YoY Incr OPM: +56.6% vs year-ago OPM: +36.9%",
      "severity": "MEDIUM"
    },
    {
      "quarter": "2022-03 (Q1)",
      "signal": "YoY REVENUE GROWTH ACCELERATION",
      "detail": "YoY growth: +17.7% vs prior quarter YoY: -4.7% (accel: +22.5%)",
      "severity": "HIGH"
    },
    {
      "quarter": "2022-03 (Q1)",
      "signal": "OP MARGIN TURNED POSITIVE (QoQ)",
      "detail": "Op margin: -55.2% -> +23.9%",
      "severity": "HIGH"
    },
    {
      "quarter": "2021-12 (Q4)",
      "signal": "FCF TURNED POSITIVE",
      "detail": "FCF margin: -41.9% -> +74.2%",
      "severity": "HIGH"
    },
    {
      "quarter": "2021-06 (Q2)",
      "signal": "FCF TURNED POSITIVE",
      "detail": "FCF margin: -17.1% -> +16.7%",
      "severity": "HIGH"
    }
  ],
  "data_quality": {
    "n_quarters": 20,
    "coverage": {
      "revenue": [
        20,
        20
      ],
      "gross_profit": [
        0,
        20
      ],
      "op_income": [
        20,
        20
      ],
      "fcf": [
        20,
        20
      ]
    },
    "gaps": [],
    "warnings": [
      "gross_profit: no data"
    ]
  },
  "market_cap": null,
  "source": "SEC EDGAR",
  "last_updated": "2026-02-03T00:50:39.369047"
}