{
  "ticker": "TRAK",
  "name": "ReposiTrak, Inc.",
  "quarters": [
    {
      "date": "2020-12-31T00:00:00",
      "quarter_label": "2020-12 (Q4)",
      "revenue": 10399606,
      "gross_profit": 8308018,
      "operating_income": 384585,
      "net_income": 1622859,
      "opex": 4789619,
      "cogs": 2091588,
      "rd": null,
      "sga": null,
      "fcf": 2442373,
      "ocf": 2532666,
      "capex": -90293,
      "gross_margin": 0.7988781498068293,
      "op_margin": 0.03698072792373096,
      "fcf_margin": 0.234852454987237
    },
    {
      "date": "2021-03-31T00:00:00",
      "quarter_label": "2021-03 (Q1)",
      "revenue": 6022540,
      "gross_profit": 3388316,
      "operating_income": 718297,
      "net_income": 773197,
      "opex": 5304243,
      "cogs": 2634224,
      "rd": null,
      "sga": null,
      "fcf": -407634,
      "ocf": -405461,
      "capex": -2173,
      "gross_margin": 0.5626058108372879,
      "op_margin": 0.1192681161104783,
      "fcf_margin": -0.06768473102710816,
      "fcf_margin_change": -0.30253718601434515
    },
    {
      "date": "2021-06-30T00:00:00",
      "quarter_label": "2021-06 (Q2)",
      "revenue": 4584930,
      "gross_profit": 4407052,
      "operating_income": 1158539,
      "net_income": 1166513,
      "opex": 3426391,
      "cogs": 177878,
      "rd": null,
      "sga": null,
      "fcf": 2009513,
      "ocf": 2051262,
      "capex": -41749,
      "gross_margin": 0.9612037697413046,
      "op_margin": 0.25268411949582653,
      "fcf_margin": 0.43828651691519827,
      "fcf_margin_change": 0.5059712479423064
    },
    {
      "date": "2021-09-30T00:00:00",
      "quarter_label": "2021-09 (Q3)",
      "revenue": 4559677,
      "gross_profit": 3713190,
      "operating_income": 1166477,
      "net_income": 946817,
      "opex": 3393200,
      "cogs": 846487,
      "rd": null,
      "sga": null,
      "fcf": 1118061,
      "ocf": 1118061,
      "capex": null,
      "gross_margin": 0.8143537360212137,
      "op_margin": 0.2558244805498284,
      "fcf_margin": 0.24520618456088009,
      "fcf_margin_change": -0.19308033235431818
    },
    {
      "date": "2021-12-31T00:00:00",
      "quarter_label": "2021-12 (Q4)",
      "revenue": 4353587,
      "gross_profit": 3536374,
      "operating_income": 957569,
      "net_income": 872068,
      "opex": 3396018,
      "cogs": 817213,
      "rd": null,
      "sga": null,
      "fcf": 1923844,
      "ocf": 1940893,
      "capex": -17049,
      "gross_margin": 0.8122897279875193,
      "op_margin": 0.21994943479939646,
      "fcf_margin": 0.44189859993609865,
      "incr_op_margin_yoy": -0.09477045970249184,
      "rev_growth_yoy": -0.5813700057482947,
      "fcf_margin_change": 0.19669241537521856
    },
    {
      "date": "2022-03-31T00:00:00",
      "quarter_label": "2022-03 (Q1)",
      "revenue": 4555906,
      "gross_profit": 3782255,
      "operating_income": 1176536,
      "net_income": 1088016,
      "opex": 3379370,
      "cogs": 773651,
      "rd": null,
      "sga": null,
      "fcf": 940236,
      "ocf": 974010,
      "capex": -33774,
      "gross_margin": 0.8301872338893734,
      "op_margin": 0.25824413409758673,
      "fcf_margin": 0.206377392334258,
      "incr_op_margin_yoy": -0.312442640767908,
      "rev_growth_yoy": -0.24352416090221068,
      "rev_growth_yoy_accel": 0.337845844846084,
      "op_leverage_ratio": Infinity,
      "fcf_margin_change": -0.23552120760184064
    },
    {
      "date": "2022-06-30T00:00:00",
      "quarter_label": "2022-06 (Q2)",
      "revenue": 4577771,
      "gross_profit": 3828410,
      "operating_income": 1114039,
      "net_income": 1096194,
      "opex": 3463732,
      "cogs": 749361,
      "rd": null,
      "sga": null,
      "fcf": 2068653,
      "ocf": 2068653,
      "capex": null,
      "gross_margin": 0.8363043935574759,
      "op_margin": 0.24335839429276826,
      "fcf_margin": 0.4518908875083529,
      "rev_growth_yoy": -0.0015614196945209632,
      "rev_growth_yoy_accel": 0.2419627412076897,
      "fcf_margin_change": 0.24551349517409488
    },
    {
      "date": "2022-09-30T00:00:00",
      "quarter_label": "2022-09 (Q3)",
      "revenue": 4720477,
      "gross_profit": 3887773,
      "operating_income": 1228046,
      "net_income": 1285112,
      "opex": 3492431,
      "cogs": 832704,
      "rd": null,
      "sga": null,
      "fcf": 1791942,
      "ocf": 1811475,
      "capex": -19533,
      "gross_margin": 0.8235974881352033,
      "op_margin": 0.2601529464077465,
      "fcf_margin": 0.37961036564736994,
      "rev_growth_yoy": 0.035265655878694915,
      "rev_growth_yoy_accel": 0.03682707557321588,
      "op_leverage_ratio": 3.762406250533336,
      "fcf_margin_change": -0.07228052186098294
    },
    {
      "date": "2022-12-31T00:00:00",
      "quarter_label": "2022-12 (Q4)",
      "revenue": 4750513,
      "gross_profit": 3883871,
      "operating_income": 1175542,
      "net_income": 1265344,
      "opex": 3574971,
      "cogs": 866642,
      "rd": null,
      "sga": null,
      "fcf": 1237196,
      "ocf": 1488517,
      "capex": -251321,
      "gross_margin": 0.8175687552060167,
      "op_margin": 0.24745580108927184,
      "fcf_margin": 0.2604341888970728,
      "rev_growth_yoy": 0.09117217595513769,
      "rev_growth_yoy_accel": 0.05590652007644277,
      "fcf_margin_change": -0.11917617675029712
    },
    {
      "date": "2023-03-31T00:00:00",
      "quarter_label": "2023-03 (Q1)",
      "revenue": 4824101,
      "gross_profit": 3983829,
      "operating_income": 1521782,
      "net_income": 1663020,
      "opex": 3302319,
      "cogs": 840272,
      "rd": null,
      "sga": null,
      "fcf": 3902808,
      "ocf": 3765898,
      "capex": 136910,
      "gross_margin": 0.8258179088704818,
      "op_margin": 0.31545400894384257,
      "fcf_margin": 0.8090228624981111,
      "rev_growth_yoy": 0.05886754467717288,
      "rev_growth_yoy_accel": -0.032304631277964804,
      "op_leverage_ratio": Infinity,
      "fcf_margin_change": 0.5485886736010382
    },
    {
      "date": "2023-06-30T00:00:00",
      "quarter_label": "2023-06 (Q2)",
      "revenue": 4803819,
      "gross_profit": 4034092,
      "operating_income": 1165208,
      "net_income": 1376813,
      "opex": 3638611,
      "cogs": 769727,
      "rd": null,
      "sga": null,
      "fcf": 1794129,
      "ocf": 1794129,
      "capex": null,
      "gross_margin": 0.8397676931624609,
      "op_margin": 0.24255868091616276,
      "fcf_margin": 0.3734797251936428,
      "rev_growth_yoy": 0.049379490586138976,
      "rev_growth_yoy_accel": -0.009488054091033905,
      "fcf_margin_change": -0.43554313730446825
    },
    {
      "date": "2023-09-30T00:00:00",
      "quarter_label": "2023-09 (Q3)",
      "revenue": 5060112,
      "gross_profit": 4293778,
      "operating_income": 1200009,
      "net_income": 1378548,
      "opex": 3860103,
      "cogs": 766334,
      "rd": null,
      "sga": null,
      "fcf": 1520770,
      "ocf": 1520770,
      "capex": null,
      "gross_margin": 0.8485539450510187,
      "op_margin": 0.23715067966875042,
      "fcf_margin": 0.3005407785440322,
      "rev_growth_yoy": 0.07194929664946996,
      "rev_growth_yoy_accel": 0.022569806063330984,
      "op_leverage_ratio": 0.8764511042924977,
      "fcf_margin_change": -0.07293894664961059
    },
    {
      "date": "2023-12-31T00:00:00",
      "quarter_label": "2023-12 (Q4)",
      "revenue": 5125751,
      "gross_profit": 4152464,
      "operating_income": 1240851,
      "net_income": 1451149,
      "opex": 3884900,
      "cogs": 973287,
      "rd": null,
      "sga": null,
      "fcf": 920654,
      "ocf": 931177,
      "capex": -10523,
      "gross_margin": 0.8101181660989775,
      "op_margin": 0.2420817944531445,
      "fcf_margin": 0.1796134849312813,
      "rev_growth_yoy": 0.07898894287837967,
      "rev_growth_yoy_accel": 0.007039646228909707,
      "op_leverage_ratio": 2.0193034051386416,
      "fcf_margin_change": -0.12092729361275092
    },
    {
      "date": "2024-03-31T00:00:00",
      "quarter_label": "2024-03 (Q1)",
      "revenue": 5084866,
      "gross_profit": 4252954,
      "operating_income": 1262343,
      "net_income": 1550427,
      "opex": 3822523,
      "cogs": 831912,
      "rd": null,
      "sga": null,
      "fcf": 2451785,
      "ocf": 2458794,
      "capex": -7009,
      "gross_margin": 0.836394508724517,
      "op_margin": 0.24825491959866788,
      "fcf_margin": 0.48217298154956295,
      "rev_growth_yoy": 0.054054631111579134,
      "rev_growth_yoy_accel": -0.024934311766800533,
      "fcf_margin_change": 0.30255949661828163
    },
    {
      "date": "2024-06-30T00:00:00",
      "quarter_label": "2024-06 (Q2)",
      "revenue": 5182591,
      "gross_profit": 4337674,
      "operating_income": 1321028,
      "net_income": 1578166,
      "opex": 3861563,
      "cogs": 844917,
      "rd": null,
      "sga": null,
      "fcf": 1997875,
      "ocf": 2053660,
      "capex": -55785,
      "gross_margin": 0.8369701564333362,
      "op_margin": 0.2548972126104491,
      "fcf_margin": 0.38549733135414316,
      "rev_growth_yoy": 0.07884809981391888,
      "rev_growth_yoy_accel": 0.024793468702339748,
      "op_leverage_ratio": 1.8817696716757217,
      "fcf_margin_change": -0.0966756501954198
    },
    {
      "date": "2024-09-30T00:00:00",
      "quarter_label": "2024-09 (Q3)",
      "revenue": 5441142,
      "gross_profit": 4581923,
      "operating_income": 1480061,
      "net_income": 1665155,
      "opex": 3961081,
      "cogs": 859219,
      "rd": null,
      "sga": null,
      "fcf": 1868900,
      "ocf": 1868900,
      "capex": null,
      "gross_margin": 0.8420884806902669,
      "op_margin": 0.2720129340495065,
      "fcf_margin": 0.343475689478422,
      "rev_growth_yoy": 0.07530070480653393,
      "rev_growth_yoy_accel": -0.0035473950073849486,
      "op_leverage_ratio": 1.9358012699446911,
      "fcf_margin_change": -0.04202164187572116
    },
    {
      "date": "2024-12-31T00:00:00",
      "quarter_label": "2024-12 (Q4)",
      "revenue": 5490908,
      "gross_profit": 4488352,
      "operating_income": 1352051,
      "net_income": 1551080,
      "opex": 4138857,
      "cogs": 1002556,
      "rd": null,
      "sga": null,
      "fcf": 3459730,
      "ocf": 3459730,
      "capex": null,
      "gross_margin": 0.8174152617381315,
      "op_margin": 0.24623450256314622,
      "fcf_margin": 0.6300834033278285,
      "rev_growth_yoy": 0.07123970711803987,
      "rev_growth_yoy_accel": -0.004060997688494064,
      "fcf_margin_change": 0.28660771384940653
    },
    {
      "date": "2025-03-31T00:00:00",
      "quarter_label": "2025-03 (Q1)",
      "revenue": 5913732,
      "gross_profit": 5002039,
      "operating_income": 1808853,
      "net_income": 1965788,
      "opex": 4104879,
      "cogs": 911693,
      "rd": null,
      "sga": null,
      "fcf": 1425946,
      "ocf": 1434741,
      "capex": -8795,
      "gross_margin": 0.8458345762033179,
      "op_margin": 0.30587334698292046,
      "fcf_margin": 0.24112455552601977,
      "rev_growth_yoy": 0.16300645877393818,
      "rev_growth_yoy_accel": 0.09176675165589832,
      "op_leverage_ratio": Infinity,
      "fcf_margin_change": -0.3889588478018088
    },
    {
      "date": "2025-06-30T00:00:00",
      "quarter_label": "2025-06 (Q2)",
      "revenue": 5760284,
      "gross_profit": 4852422,
      "operating_income": 1586178,
      "net_income": 1796104,
      "opex": 4174106,
      "cogs": 907862,
      "rd": null,
      "sga": null,
      "fcf": 1649591,
      "ocf": 1656761,
      "capex": -7170,
      "gross_margin": 0.8423928403530103,
      "op_margin": 0.27536454799798066,
      "fcf_margin": 0.2863732065988413,
      "rev_growth_yoy": 0.11146798965999825,
      "rev_growth_yoy_accel": -0.05153846911393993,
      "fcf_margin_change": 0.04524865107282153
    },
    {
      "date": "2025-09-30T00:00:00",
      "quarter_label": "2025-09 (Q3)",
      "revenue": 5971467,
      "gross_profit": 5117315,
      "operating_income": 1893873,
      "net_income": 1819529,
      "opex": 4077594,
      "cogs": 854152,
      "rd": null,
      "sga": null,
      "fcf": 1526697,
      "ocf": 1538447,
      "capex": -11750,
      "gross_margin": 0.8569611119009785,
      "op_margin": 0.3171537245370359,
      "fcf_margin": 0.2556653164121982,
      "rev_growth_yoy": 0.09746575259384886,
      "rev_growth_yoy_accel": -0.014002237066149392,
      "op_leverage_ratio": Infinity,
      "fcf_margin_change": -0.030707890186643105
    }
  ],
  "signals": [
    {
      "quarter": "2025-06 (Q2)",
      "signal": "YoY REVENUE GROWTH DECELERATION",
      "detail": "YoY growth: +11.1% vs prior quarter YoY: +16.3% (decel: -5.2%)",
      "severity": "WARNING"
    },
    {
      "quarter": "2025-03 (Q1)",
      "signal": "GROSS MARGIN INFLECTION",
      "detail": "GM: +84.2% -> +81.7% -> +84.6% (reversal +2.8%)",
      "severity": "MEDIUM"
    },
    {
      "quarter": "2025-03 (Q1)",
      "signal": "YoY REVENUE GROWTH ACCELERATION",
      "detail": "YoY growth: +16.3% vs prior quarter YoY: +7.1% (accel: +9.2%)",
      "severity": "MEDIUM"
    },
    {
      "quarter": "2024-12 (Q4)",
      "signal": "FCF MARGIN EXPANSION",
      "detail": "FCF margin: +34.3% -> +63.0% (+28.7%)",
      "severity": "MEDIUM"
    },
    {
      "quarter": "2024-09 (Q3)",
      "signal": "OPERATING LEVERAGE",
      "detail": "Rev growth +5.0% vs OpEx growth +2.6% (leverage: 1.9x)",
      "severity": "MEDIUM"
    },
    {
      "quarter": "2024-06 (Q2)",
      "signal": "OPERATING LEVERAGE",
      "detail": "Rev growth +1.9% vs OpEx growth +1.0% (leverage: 1.9x)",
      "severity": "MEDIUM"
    },
    {
      "quarter": "2024-03 (Q1)",
      "signal": "FCF MARGIN EXPANSION",
      "detail": "FCF margin: +18.0% -> +48.2% (+30.3%)",
      "severity": "MEDIUM"
    },
    {
      "quarter": "2024-03 (Q1)",
      "signal": "GROSS MARGIN INFLECTION",
      "detail": "GM: +84.9% -> +81.0% -> +83.6% (reversal +2.6%)",
      "severity": "MEDIUM"
    },
    {
      "quarter": "2023-12 (Q4)",
      "signal": "OPERATING LEVERAGE",
      "detail": "Rev growth +1.3% vs OpEx growth +0.6% (leverage: 2.0x)",
      "severity": "MEDIUM"
    },
    {
      "quarter": "2023-03 (Q1)",
      "signal": "FCF MARGIN EXPANSION",
      "detail": "FCF margin: +26.0% -> +80.9% (+54.9%)",
      "severity": "MEDIUM"
    },
    {
      "quarter": "2022-12 (Q4)",
      "signal": "YoY REVENUE GROWTH ACCELERATION",
      "detail": "YoY growth: +9.1% vs prior quarter YoY: +3.5% (accel: +5.6%)",
      "severity": "MEDIUM"
    },
    {
      "quarter": "2022-09 (Q3)",
      "signal": "OPERATING LEVERAGE",
      "detail": "Rev growth +3.1% vs OpEx growth +0.8% (leverage: 3.8x)",
      "severity": "MEDIUM"
    },
    {
      "quarter": "2022-06 (Q2)",
      "signal": "FCF MARGIN EXPANSION",
      "detail": "FCF margin: +20.6% -> +45.2% (+24.6%)",
      "severity": "MEDIUM"
    },
    {
      "quarter": "2022-06 (Q2)",
      "signal": "YoY REVENUE GROWTH ACCELERATION",
      "detail": "YoY growth: -0.2% vs prior quarter YoY: -24.4% (accel: +24.2%)",
      "severity": "HIGH"
    },
    {
      "quarter": "2022-03 (Q1)",
      "signal": "YoY REVENUE GROWTH ACCELERATION",
      "detail": "YoY growth: -24.4% vs prior quarter YoY: -58.1% (accel: +33.8%)",
      "severity": "HIGH"
    },
    {
      "quarter": "2021-12 (Q4)",
      "signal": "FCF MARGIN EXPANSION",
      "detail": "FCF margin: +24.5% -> +44.2% (+19.7%)",
      "severity": "MEDIUM"
    },
    {
      "quarter": "2021-06 (Q2)",
      "signal": "FCF TURNED POSITIVE",
      "detail": "FCF margin: -6.8% -> +43.8%",
      "severity": "HIGH"
    },
    {
      "quarter": "2021-06 (Q2)",
      "signal": "GROSS MARGIN INFLECTION",
      "detail": "GM: +79.9% -> +56.3% -> +96.1% (reversal +39.9%)",
      "severity": "HIGH"
    }
  ],
  "data_quality": {
    "n_quarters": 20,
    "coverage": {
      "revenue": [
        20,
        20
      ],
      "gross_profit": [
        20,
        20
      ],
      "op_income": [
        20,
        20
      ],
      "fcf": [
        20,
        20
      ]
    },
    "gaps": [],
    "warnings": []
  },
  "market_cap": null,
  "source": "SEC EDGAR",
  "last_updated": "2026-02-02T23:00:31.649076"
}