{
  "ticker": "TRC",
  "name": "TEJON RANCH CO.",
  "quarters": [
    {
      "date": "2018-09-30T00:00:00",
      "quarter_label": "2018-09 (Q3)",
      "revenue": 15432000,
      "gross_profit": null,
      "operating_income": null,
      "net_income": null,
      "opex": null,
      "cogs": null,
      "rd": null,
      "sga": null,
      "fcf": null,
      "ocf": null,
      "capex": null,
      "gross_margin": null,
      "op_margin": null,
      "fcf_margin": null
    },
    {
      "date": "2018-12-31T00:00:00",
      "quarter_label": "2018-12 (Q4)",
      "revenue": 11648000,
      "gross_profit": null,
      "operating_income": null,
      "net_income": null,
      "opex": null,
      "cogs": null,
      "rd": null,
      "sga": null,
      "fcf": null,
      "ocf": null,
      "capex": null,
      "gross_margin": null,
      "op_margin": null,
      "fcf_margin": null
    },
    {
      "date": "2019-03-31T00:00:00",
      "quarter_label": "2019-03 (Q1)",
      "revenue": 10662000,
      "gross_profit": null,
      "operating_income": null,
      "net_income": null,
      "opex": null,
      "cogs": null,
      "rd": null,
      "sga": null,
      "fcf": null,
      "ocf": null,
      "capex": null,
      "gross_margin": null,
      "op_margin": null,
      "fcf_margin": null
    },
    {
      "date": "2019-06-30T00:00:00",
      "quarter_label": "2019-06 (Q2)",
      "revenue": 8946000,
      "gross_profit": null,
      "operating_income": null,
      "net_income": null,
      "opex": null,
      "cogs": null,
      "rd": null,
      "sga": null,
      "fcf": null,
      "ocf": null,
      "capex": null,
      "gross_margin": null,
      "op_margin": null,
      "fcf_margin": null
    },
    {
      "date": "2019-09-30T00:00:00",
      "quarter_label": "2019-09 (Q3)",
      "revenue": 9657000,
      "gross_profit": null,
      "operating_income": null,
      "net_income": null,
      "opex": null,
      "cogs": null,
      "rd": null,
      "sga": null,
      "fcf": null,
      "ocf": null,
      "capex": null,
      "gross_margin": null,
      "op_margin": null,
      "fcf_margin": null,
      "rev_growth_yoy": -0.37422239502332816
    },
    {
      "date": "2019-12-31T00:00:00",
      "quarter_label": "2019-12 (Q4)",
      "revenue": 20258000,
      "gross_profit": null,
      "operating_income": null,
      "net_income": null,
      "opex": null,
      "cogs": null,
      "rd": null,
      "sga": null,
      "fcf": null,
      "ocf": null,
      "capex": null,
      "gross_margin": null,
      "op_margin": null,
      "fcf_margin": null,
      "rev_growth_yoy": 0.7391826923076923,
      "rev_growth_yoy_accel": 1.1134050873310204
    },
    {
      "date": "2020-03-31T00:00:00",
      "quarter_label": "2020-03 (Q1)",
      "revenue": 10313000,
      "gross_profit": null,
      "operating_income": null,
      "net_income": null,
      "opex": null,
      "cogs": null,
      "rd": null,
      "sga": null,
      "fcf": null,
      "ocf": null,
      "capex": null,
      "gross_margin": null,
      "op_margin": null,
      "fcf_margin": null,
      "rev_growth_yoy": -0.03273307071843932,
      "rev_growth_yoy_accel": -0.7719157630261316
    },
    {
      "date": "2020-06-30T00:00:00",
      "quarter_label": "2020-06 (Q2)",
      "revenue": 4775000,
      "gross_profit": null,
      "operating_income": null,
      "net_income": null,
      "opex": null,
      "cogs": null,
      "rd": null,
      "sga": null,
      "fcf": null,
      "ocf": null,
      "capex": null,
      "gross_margin": null,
      "op_margin": null,
      "fcf_margin": null,
      "rev_growth_yoy": -0.4662418958193606,
      "rev_growth_yoy_accel": -0.43350882510092126
    },
    {
      "date": "2020-09-30T00:00:00",
      "quarter_label": "2020-09 (Q3)",
      "revenue": 13513000,
      "gross_profit": null,
      "operating_income": null,
      "net_income": null,
      "opex": null,
      "cogs": null,
      "rd": null,
      "sga": null,
      "fcf": null,
      "ocf": null,
      "capex": null,
      "gross_margin": null,
      "op_margin": null,
      "fcf_margin": null,
      "rev_growth_yoy": 0.39929584757170966,
      "rev_growth_yoy_accel": 0.8655377433910703
    },
    {
      "date": "2020-12-31T00:00:00",
      "quarter_label": "2020-12 (Q4)",
      "revenue": 9229000,
      "gross_profit": null,
      "operating_income": -1374000,
      "net_income": -123000,
      "opex": 10603000,
      "cogs": null,
      "rd": null,
      "sga": null,
      "fcf": 1041000,
      "ocf": 7893000,
      "capex": -6852000,
      "gross_margin": null,
      "op_margin": -0.14887853505255175,
      "fcf_margin": 0.11279661935204248,
      "rev_growth_yoy": -0.5444268930792773,
      "rev_growth_yoy_accel": -0.9437227406509869
    },
    {
      "date": "2021-03-31T00:00:00",
      "quarter_label": "2021-03 (Q1)",
      "revenue": 11054000,
      "gross_profit": null,
      "operating_income": -1054000,
      "net_income": -1055000,
      "opex": 12108000,
      "cogs": null,
      "rd": null,
      "sga": null,
      "fcf": -1504000,
      "ocf": 3714000,
      "capex": -5218000,
      "gross_margin": null,
      "op_margin": -0.09535009951148905,
      "fcf_margin": -0.13605934503347206,
      "rev_growth_yoy": 0.07185106176670222,
      "rev_growth_yoy_accel": 0.6162779548459795,
      "op_leverage_ratio": 1.3931583564590744,
      "fcf_margin_change": -0.24885596438551455
    },
    {
      "date": "2021-06-30T00:00:00",
      "quarter_label": "2021-06 (Q2)",
      "revenue": 16638000,
      "gross_profit": null,
      "operating_income": 2525000,
      "net_income": 2822000,
      "opex": 14113000,
      "cogs": null,
      "rd": null,
      "sga": null,
      "fcf": -11005000,
      "ocf": -4809000,
      "capex": -6196000,
      "gross_margin": null,
      "op_margin": 0.1517610289698281,
      "fcf_margin": -0.6614376727972112,
      "rev_growth_yoy": 2.4843979057591623,
      "rev_growth_yoy_accel": 2.41254684399246,
      "op_leverage_ratio": 3.0505910003352392,
      "fcf_margin_change": -0.5253783277637392
    },
    {
      "date": "2021-09-30T00:00:00",
      "quarter_label": "2021-09 (Q3)",
      "revenue": 14962000,
      "gross_profit": null,
      "operating_income": -1215000,
      "net_income": 219000,
      "opex": 16177000,
      "cogs": null,
      "rd": null,
      "sga": null,
      "fcf": -4647000,
      "ocf": -821000,
      "capex": -3826000,
      "gross_margin": null,
      "op_margin": -0.08120572116027269,
      "fcf_margin": -0.3105868199438578,
      "rev_growth_yoy": 0.10723007474284023,
      "rev_growth_yoy_accel": -2.377167831016322,
      "fcf_margin_change": 0.35085085285335343
    },
    {
      "date": "2024-03-31T00:00:00",
      "quarter_label": "2024-03 (Q1)",
      "revenue": 7406000,
      "gross_profit": 21000,
      "operating_income": -3984000,
      "net_income": -914000,
      "opex": 11390000,
      "cogs": null,
      "rd": null,
      "sga": null,
      "fcf": -7335000,
      "ocf": 777000,
      "capex": -8112000,
      "gross_margin": 0.002835538752362949,
      "op_margin": -0.5379422090197138,
      "fcf_margin": -0.9904131785039157,
      "fcf_margin_change": -0.6798263585600579
    },
    {
      "date": "2024-06-30T00:00:00",
      "quarter_label": "2024-06 (Q2)",
      "revenue": 5689000,
      "gross_profit": 2578000,
      "operating_income": -3548000,
      "net_income": 957000,
      "opex": 9237000,
      "cogs": null,
      "rd": null,
      "sga": null,
      "fcf": -15768000,
      "ocf": -1803000,
      "capex": -13965000,
      "gross_margin": 0.4531552118122693,
      "op_margin": -0.6236596941465987,
      "fcf_margin": -2.77166461592547,
      "fcf_margin_change": -1.7812514374215542
    },
    {
      "date": "2024-09-30T00:00:00",
      "quarter_label": "2024-09 (Q3)",
      "revenue": 10856000,
      "gross_profit": 2482000,
      "operating_income": -3792000,
      "net_income": -1836000,
      "opex": 14648000,
      "cogs": null,
      "rd": null,
      "sga": null,
      "fcf": -16847000,
      "ocf": 2071000,
      "capex": -18918000,
      "gross_margin": 0.22862932940309505,
      "op_margin": -0.3492999263080324,
      "fcf_margin": -1.5518607221812823,
      "op_leverage_ratio": 1.5504434743403208,
      "fcf_margin_change": 1.2198038937441877
    },
    {
      "date": "2024-12-31T00:00:00",
      "quarter_label": "2024-12 (Q4)",
      "revenue": 17935000,
      "gross_profit": 7694000,
      "operating_income": 2126000,
      "net_income": 4483000,
      "opex": 15809000,
      "cogs": null,
      "rd": null,
      "sga": null,
      "fcf": -2970000,
      "ocf": 13269000,
      "capex": -16239000,
      "gross_margin": 0.4289935879565096,
      "op_margin": 0.11853916922219125,
      "fcf_margin": -0.165597992751603,
      "op_leverage_ratio": 8.227126768591353,
      "fcf_margin_change": 1.3862627294296794
    },
    {
      "date": "2025-03-31T00:00:00",
      "quarter_label": "2025-03 (Q1)",
      "revenue": 8209000,
      "gross_profit": 1228000,
      "operating_income": -4166000,
      "net_income": -1464000,
      "opex": 12375000,
      "cogs": null,
      "rd": null,
      "sga": null,
      "fcf": -18889000,
      "ocf": -1345000,
      "capex": -17544000,
      "gross_margin": 0.14959191131684738,
      "op_margin": -0.5074917773175782,
      "fcf_margin": -2.3010110853940797,
      "rev_growth_yoy": 0.1084256008641642,
      "fcf_margin_change": -2.1354130926424766
    },
    {
      "date": "2025-06-30T00:00:00",
      "quarter_label": "2025-06 (Q2)",
      "revenue": 8307000,
      "gross_profit": 3400000,
      "operating_income": -4055000,
      "net_income": -1712000,
      "opex": 12362000,
      "cogs": null,
      "rd": null,
      "sga": null,
      "fcf": -19983000,
      "ocf": -381000,
      "capex": -19602000,
      "gross_margin": 0.4092933670398459,
      "op_margin": -0.48814253039605154,
      "fcf_margin": -2.405561574575659,
      "incr_op_margin_yoy": -0.193659281894576,
      "rev_growth_yoy": 0.4601863244858499,
      "rev_growth_yoy_accel": 0.3517607236216857,
      "op_leverage_ratio": Infinity,
      "fcf_margin_change": -0.10455048918157939
    },
    {
      "date": "2025-09-30T00:00:00",
      "quarter_label": "2025-09 (Q3)",
      "revenue": 11969000,
      "gross_profit": 3399000,
      "operating_income": -2024000,
      "net_income": 1670000,
      "opex": 13993000,
      "cogs": null,
      "rd": null,
      "sga": null,
      "fcf": -14627000,
      "ocf": -2380000,
      "capex": -12247000,
      "gross_margin": 0.2839836243629376,
      "op_margin": -0.16910351742000168,
      "fcf_margin": -1.2220736903667808,
      "incr_op_margin_yoy": 1.5884995507637016,
      "rev_growth_yoy": 0.10252394988946205,
      "rev_growth_yoy_accel": -0.35766237459638783,
      "op_leverage_ratio": 3.3412495072411654,
      "fcf_margin_change": 1.1834878842088783
    }
  ],
  "signals": [
    {
      "quarter": "2025-09 (Q3)",
      "signal": "FCF MARGIN EXPANSION",
      "detail": "FCF margin: -240.6% -> -122.2% (+118.3%)",
      "severity": "MEDIUM"
    },
    {
      "quarter": "2025-09 (Q3)",
      "signal": "OPERATING LEVERAGE",
      "detail": "Rev growth +44.1% vs OpEx growth +13.2% (leverage: 3.3x)",
      "severity": "MEDIUM"
    },
    {
      "quarter": "2025-09 (Q3)",
      "signal": "YoY REVENUE GROWTH DECELERATION",
      "detail": "YoY growth: +10.3% vs prior quarter YoY: +46.0% (decel: -35.8%)",
      "severity": "WARNING"
    },
    {
      "quarter": "2025-06 (Q2)",
      "signal": "GROSS MARGIN INFLECTION",
      "detail": "GM: +42.9% -> +15.0% -> +40.9% (reversal +26.0%)",
      "severity": "HIGH"
    },
    {
      "quarter": "2025-06 (Q2)",
      "signal": "YoY REVENUE GROWTH ACCELERATION",
      "detail": "YoY growth: +46.0% vs prior quarter YoY: +10.8% (accel: +35.2%)",
      "severity": "HIGH"
    },
    {
      "quarter": "2024-12 (Q4)",
      "signal": "FCF MARGIN EXPANSION",
      "detail": "FCF margin: -155.2% -> -16.6% (+138.6%)",
      "severity": "MEDIUM"
    },
    {
      "quarter": "2024-12 (Q4)",
      "signal": "OPERATING LEVERAGE",
      "detail": "Rev growth +65.2% vs OpEx growth +7.9% (leverage: 8.2x)",
      "severity": "MEDIUM"
    },
    {
      "quarter": "2024-12 (Q4)",
      "signal": "GROSS MARGIN INFLECTION",
      "detail": "GM: +45.3% -> +22.9% -> +42.9% (reversal +20.0%)",
      "severity": "HIGH"
    },
    {
      "quarter": "2024-12 (Q4)",
      "signal": "OP MARGIN TURNED POSITIVE (QoQ)",
      "detail": "Op margin: -34.9% -> +11.9%",
      "severity": "HIGH"
    },
    {
      "quarter": "2024-09 (Q3)",
      "signal": "FCF MARGIN EXPANSION",
      "detail": "FCF margin: -277.2% -> -155.2% (+122.0%)",
      "severity": "MEDIUM"
    },
    {
      "quarter": "2024-09 (Q3)",
      "signal": "OPERATING LEVERAGE",
      "detail": "Rev growth +90.8% vs OpEx growth +58.6% (leverage: 1.6x)",
      "severity": "MEDIUM"
    },
    {
      "quarter": "2021-09 (Q3)",
      "signal": "FCF MARGIN EXPANSION",
      "detail": "FCF margin: -66.1% -> -31.1% (+35.1%)",
      "severity": "MEDIUM"
    },
    {
      "quarter": "2021-09 (Q3)",
      "signal": "YoY REVENUE GROWTH DECELERATION",
      "detail": "YoY growth: +10.7% vs prior quarter YoY: +248.4% (decel: -237.7%)",
      "severity": "WARNING"
    },
    {
      "quarter": "2021-06 (Q2)",
      "signal": "OPERATING LEVERAGE",
      "detail": "Rev growth +50.5% vs OpEx growth +16.6% (leverage: 3.1x)",
      "severity": "MEDIUM"
    },
    {
      "quarter": "2021-06 (Q2)",
      "signal": "YoY REVENUE GROWTH ACCELERATION",
      "detail": "YoY growth: +248.4% vs prior quarter YoY: +7.2% (accel: +241.3%)",
      "severity": "HIGH"
    },
    {
      "quarter": "2021-06 (Q2)",
      "signal": "OP MARGIN TURNED POSITIVE (QoQ)",
      "detail": "Op margin: -9.5% -> +15.2%",
      "severity": "HIGH"
    },
    {
      "quarter": "2021-03 (Q1)",
      "signal": "YoY REVENUE GROWTH ACCELERATION",
      "detail": "YoY growth: +7.2% vs prior quarter YoY: -54.4% (accel: +61.6%)",
      "severity": "HIGH"
    },
    {
      "quarter": "2020-12 (Q4)",
      "signal": "YoY REVENUE GROWTH DECELERATION",
      "detail": "YoY growth: -54.4% vs prior quarter YoY: +39.9% (decel: -94.4%)",
      "severity": "WARNING"
    },
    {
      "quarter": "2020-09 (Q3)",
      "signal": "YoY REVENUE GROWTH ACCELERATION",
      "detail": "YoY growth: +39.9% vs prior quarter YoY: -46.6% (accel: +86.6%)",
      "severity": "HIGH"
    },
    {
      "quarter": "2020-06 (Q2)",
      "signal": "YoY REVENUE GROWTH DECELERATION",
      "detail": "YoY growth: -46.6% vs prior quarter YoY: -3.3% (decel: -43.4%)",
      "severity": "WARNING"
    },
    {
      "quarter": "2020-03 (Q1)",
      "signal": "YoY REVENUE GROWTH DECELERATION",
      "detail": "YoY growth: -3.3% vs prior quarter YoY: +73.9% (decel: -77.2%)",
      "severity": "WARNING"
    },
    {
      "quarter": "2019-12 (Q4)",
      "signal": "YoY REVENUE GROWTH ACCELERATION",
      "detail": "YoY growth: +73.9% vs prior quarter YoY: -37.4% (accel: +111.3%)",
      "severity": "HIGH"
    }
  ],
  "data_quality": {
    "n_quarters": 20,
    "coverage": {
      "revenue": [
        20,
        20
      ],
      "gross_profit": [
        7,
        20
      ],
      "op_income": [
        11,
        20
      ],
      "fcf": [
        11,
        20
      ]
    },
    "gaps": [
      [
        "2021-09 (Q3)",
        "2024-03 (Q1)",
        913
      ]
    ],
    "warnings": [
      "gross_profit: 7/20Q",
      "op_income: 11/20Q",
      "fcf: 11/20Q",
      "gap: 9Q missing between 2021-09 (Q3) and 2024-03 (Q1)"
    ]
  },
  "market_cap": null,
  "source": "SEC EDGAR",
  "last_updated": "2026-02-02T22:31:08.952039"
}