{
  "ticker": "TRCK",
  "name": "TRACK GROUP, INC.",
  "quarters": [
    {
      "date": "2020-12-31T00:00:00",
      "quarter_label": "2020-12 (Q4)",
      "revenue": 9401905,
      "gross_profit": 5212804,
      "operating_income": 1422555,
      "net_income": 1323494,
      "opex": 3790249,
      "cogs": 4189101,
      "rd": 307294,
      "sga": null,
      "fcf": 582002,
      "ocf": 582002,
      "capex": null,
      "gross_margin": 0.5544412541926343,
      "op_margin": 0.151304974896045,
      "fcf_margin": 0.0619025612362601
    },
    {
      "date": "2021-03-31T00:00:00",
      "quarter_label": "2021-03 (Q1)",
      "revenue": 9861830,
      "gross_profit": 5434984,
      "operating_income": 1662103,
      "net_income": 2184231,
      "opex": 3772881,
      "cogs": 4426846,
      "rd": 334569,
      "sga": null,
      "fcf": 267083,
      "ocf": 267083,
      "capex": null,
      "gross_margin": 0.5511131301188522,
      "op_margin": 0.1685390034101176,
      "fcf_margin": 0.027082498887123385,
      "op_leverage_ratio": Infinity,
      "fcf_margin_change": -0.03482006234913671
    },
    {
      "date": "2021-06-30T00:00:00",
      "quarter_label": "2021-06 (Q2)",
      "revenue": 10307820,
      "gross_profit": 5635851,
      "operating_income": 1297062,
      "net_income": 1198041,
      "opex": 4338789,
      "cogs": 4671969,
      "rd": 332588,
      "sga": null,
      "fcf": 2828964,
      "ocf": 2828964,
      "capex": null,
      "gross_margin": 0.5467548909468734,
      "op_margin": 0.12583281430991228,
      "fcf_margin": 0.2744483314609685,
      "op_leverage_ratio": 0.3015052530991407,
      "fcf_margin_change": 0.2473658325738451
    },
    {
      "date": "2021-09-30T00:00:00",
      "quarter_label": "2021-09 (Q3)",
      "revenue": 10089770,
      "gross_profit": 4823675,
      "operating_income": 332187,
      "net_income": -1263360,
      "opex": 4491488,
      "cogs": 5266095,
      "rd": 574076,
      "sga": null,
      "fcf": 1144133,
      "ocf": 1144133,
      "capex": null,
      "gross_margin": 0.4780758134229026,
      "op_margin": 0.032923148892392985,
      "fcf_margin": 0.1133953499435567,
      "fcf_margin_change": -0.16105298151741176
    },
    {
      "date": "2021-12-31T00:00:00",
      "quarter_label": "2021-12 (Q4)",
      "revenue": 9595656,
      "gross_profit": 4800229,
      "operating_income": 596345,
      "net_income": -305322,
      "opex": 4203884,
      "cogs": 4795427,
      "rd": 590852,
      "sga": null,
      "fcf": 1281637,
      "ocf": 1281637,
      "capex": null,
      "gross_margin": 0.5002502173900356,
      "op_margin": 0.06214739252845246,
      "fcf_margin": 0.13356429200880066,
      "rev_growth_yoy": 0.020607632176670578,
      "fcf_margin_change": 0.02016894206524396
    },
    {
      "date": "2022-03-31T00:00:00",
      "quarter_label": "2022-03 (Q1)",
      "revenue": 9484119,
      "gross_profit": 4538985,
      "operating_income": 7371,
      "net_income": 452241,
      "opex": 4531614,
      "cogs": 4945134,
      "rd": 625477,
      "sga": null,
      "fcf": -18287,
      "ocf": -18287,
      "capex": null,
      "gross_margin": 0.4785879426439082,
      "op_margin": 0.000777193959713074,
      "fcf_margin": -0.0019281706608700292,
      "rev_growth_yoy": -0.038300295178481075,
      "rev_growth_yoy_accel": -0.05890792735515166,
      "fcf_margin_change": -0.1354924626696707
    },
    {
      "date": "2022-06-30T00:00:00",
      "quarter_label": "2022-06 (Q2)",
      "revenue": 8974082,
      "gross_profit": 3964213,
      "operating_income": -532159,
      "net_income": -3605059,
      "opex": 4496372,
      "cogs": 5009869,
      "rd": 583492,
      "sga": null,
      "fcf": -1074839,
      "ocf": -1074839,
      "capex": null,
      "gross_margin": 0.4417402247940235,
      "op_margin": -0.05929954729631399,
      "fcf_margin": -0.11977147077550662,
      "incr_op_margin_yoy": 1.3714994999017798,
      "rev_growth_yoy": -0.1293908896352478,
      "rev_growth_yoy_accel": -0.09109059445676673,
      "fcf_margin_change": -0.11784330011463659
    },
    {
      "date": "2022-09-30T00:00:00",
      "quarter_label": "2022-09 (Q3)",
      "revenue": 8914642,
      "gross_profit": 4049529,
      "operating_income": -2171458,
      "net_income": -3932222,
      "opex": 6220987,
      "cogs": 4865113,
      "rd": 632627,
      "sga": null,
      "fcf": 614450,
      "ocf": 614450,
      "capex": null,
      "gross_margin": 0.4542559308607121,
      "op_margin": -0.24358330934657835,
      "fcf_margin": 0.06892593106935758,
      "incr_op_margin_yoy": 2.1305296103913784,
      "rev_growth_yoy": -0.11646727328769635,
      "rev_growth_yoy_accel": 0.012923616347551459,
      "fcf_margin_change": 0.18869740184486422
    },
    {
      "date": "2022-12-31T00:00:00",
      "quarter_label": "2022-12 (Q4)",
      "revenue": 8855691,
      "gross_profit": 4180678,
      "operating_income": -140828,
      "net_income": 36384,
      "opex": 4321506,
      "cogs": 4675013,
      "rd": 589805,
      "sga": null,
      "fcf": 2328423,
      "ocf": 2328423,
      "capex": null,
      "gross_margin": 0.4720894168507009,
      "op_margin": -0.01590254221833169,
      "fcf_margin": 0.262929566986924,
      "rev_growth_yoy": -0.07711458184828635,
      "rev_growth_yoy_accel": 0.039352691439410004,
      "fcf_margin_change": 0.19400363591756642
    },
    {
      "date": "2023-03-31T00:00:00",
      "quarter_label": "2023-03 (Q1)",
      "revenue": 8308046,
      "gross_profit": 3742805,
      "operating_income": -850211,
      "net_income": -1485258,
      "opex": 4593016,
      "cogs": 4565241,
      "rd": 706772,
      "sga": null,
      "fcf": -195370,
      "ocf": -195370,
      "capex": null,
      "gross_margin": 0.45050364429855105,
      "op_margin": -0.10233585610864455,
      "fcf_margin": -0.0235157580976321,
      "incr_op_margin_yoy": 0.7291911301424316,
      "rev_growth_yoy": -0.12400445418282921,
      "rev_growth_yoy_accel": -0.046889872334542865,
      "fcf_margin_change": -0.2864453250845561
    },
    {
      "date": "2023-06-30T00:00:00",
      "quarter_label": "2023-06 (Q2)",
      "revenue": 8697578,
      "gross_profit": 3663856,
      "operating_income": -279142,
      "net_income": -697184,
      "opex": 3942998,
      "cogs": 5033722,
      "rd": 750124,
      "sga": null,
      "fcf": 817442,
      "ocf": 817442,
      "capex": null,
      "gross_margin": 0.4212501457302251,
      "op_margin": -0.03209422209263314,
      "fcf_margin": 0.09398501513869724,
      "rev_growth_yoy": -0.030811396642018648,
      "rev_growth_yoy_accel": 0.09319305754081056,
      "op_leverage_ratio": Infinity,
      "fcf_margin_change": 0.11750077323632935
    },
    {
      "date": "2023-09-30T00:00:00",
      "quarter_label": "2023-09 (Q3)",
      "revenue": 8614550,
      "gross_profit": 3709736,
      "operating_income": -273633,
      "net_income": -1245450,
      "opex": 3983369,
      "cogs": 4904814,
      "rd": 688359,
      "sga": null,
      "fcf": 926305,
      "ocf": 926305,
      "capex": null,
      "gross_margin": 0.43063607501262396,
      "op_margin": -0.03176405035666401,
      "fcf_margin": 0.10752796141411913,
      "rev_growth_yoy": -0.03366282123275394,
      "rev_growth_yoy_accel": -0.002851424590735289,
      "fcf_margin_change": 0.013542946275421894
    },
    {
      "date": "2023-12-31T00:00:00",
      "quarter_label": "2023-12 (Q4)",
      "revenue": 8966972,
      "gross_profit": 4203520,
      "operating_income": -183121,
      "net_income": 461,
      "opex": 4386641,
      "cogs": 4763452,
      "rd": 682463,
      "sga": null,
      "fcf": 642325,
      "ocf": 642325,
      "capex": null,
      "gross_margin": 0.4687780891922045,
      "op_margin": -0.02042172095552434,
      "fcf_margin": 0.0716323191373855,
      "rev_growth_yoy": 0.012566043688742076,
      "rev_growth_yoy_accel": 0.04622886492149601,
      "op_leverage_ratio": 0.40409444985740445,
      "fcf_margin_change": -0.03589564227673363
    },
    {
      "date": "2024-03-31T00:00:00",
      "quarter_label": "2024-03 (Q1)",
      "revenue": 8991220,
      "gross_profit": 3966835,
      "operating_income": -955179,
      "net_income": -1903075,
      "opex": 4922014,
      "cogs": 5024385,
      "rd": 701183,
      "sga": null,
      "fcf": 1402496,
      "ocf": 1402496,
      "capex": null,
      "gross_margin": 0.44118984965332847,
      "op_margin": -0.10623463779108953,
      "fcf_margin": 0.15598506098171327,
      "rev_growth_yoy": 0.08223040652398891,
      "rev_growth_yoy_accel": 0.06966436283524684,
      "fcf_margin_change": 0.08435274184432777
    },
    {
      "date": "2024-06-30T00:00:00",
      "quarter_label": "2024-06 (Q2)",
      "revenue": 9185030,
      "gross_profit": 4269589,
      "operating_income": -518492,
      "net_income": -870079,
      "opex": 4788081,
      "cogs": 4915441,
      "rd": 700168,
      "sga": null,
      "fcf": -499623,
      "ocf": -499623,
      "capex": null,
      "gross_margin": 0.4648421398732503,
      "op_margin": -0.05644967953289211,
      "fcf_margin": -0.05439535853448492,
      "rev_growth_yoy": 0.056044567809567215,
      "rev_growth_yoy_accel": -0.0261858387144217,
      "op_leverage_ratio": Infinity,
      "fcf_margin_change": -0.21038041951619818
    },
    {
      "date": "2024-09-30T00:00:00",
      "quarter_label": "2024-09 (Q3)",
      "revenue": 9743278,
      "gross_profit": 4769101,
      "operating_income": -227693,
      "net_income": -308721,
      "opex": 4996794,
      "cogs": 4974177,
      "rd": 665405,
      "sga": null,
      "fcf": 3366010,
      "ocf": 3366010,
      "capex": null,
      "gross_margin": 0.48947602644613036,
      "op_margin": -0.023369239797940693,
      "fcf_margin": 0.3454699742735453,
      "incr_op_margin_yoy": 0.04070068253822001,
      "rev_growth_yoy": 0.13102576454951217,
      "rev_growth_yoy_accel": 0.07498119673994497,
      "op_leverage_ratio": 1.3943075687659139,
      "fcf_margin_change": 0.3998653328080302
    },
    {
      "date": "2024-12-31T00:00:00",
      "quarter_label": "2024-12 (Q4)",
      "revenue": 8668328,
      "gross_profit": 4424342,
      "operating_income": 128608,
      "net_income": -2010849,
      "opex": 4295734,
      "cogs": 4243986,
      "rd": 669391,
      "sga": null,
      "fcf": -217292,
      "ocf": -217292,
      "capex": null,
      "gross_margin": 0.5104031596404751,
      "op_margin": 0.0148365405646856,
      "fcf_margin": -0.025067348628247568,
      "rev_growth_yoy": -0.03330488820529383,
      "rev_growth_yoy_accel": -0.16433065275480602,
      "fcf_margin_change": -0.37053732290179286
    },
    {
      "date": "2025-03-31T00:00:00",
      "quarter_label": "2025-03 (Q1)",
      "revenue": 8352320,
      "gross_profit": 4113966,
      "operating_income": 44043,
      "net_income": -517116,
      "opex": 4069923,
      "cogs": 4238354,
      "rd": 750650,
      "sga": null,
      "fcf": 488426,
      "ocf": 488426,
      "capex": null,
      "gross_margin": 0.4925536856825409,
      "op_margin": 0.005273145664917053,
      "fcf_margin": 0.05847788398911919,
      "rev_growth_yoy": -0.07105821012053981,
      "rev_growth_yoy_accel": -0.03775332191524598,
      "fcf_margin_change": 0.08354523261736677
    },
    {
      "date": "2025-06-30T00:00:00",
      "quarter_label": "2025-06 (Q2)",
      "revenue": 9091442,
      "gross_profit": 4591441,
      "operating_income": 750806,
      "net_income": 1434280,
      "opex": 3840635,
      "cogs": 4500001,
      "rd": 675861,
      "sga": null,
      "fcf": 2784786,
      "ocf": 2784786,
      "capex": null,
      "gross_margin": 0.5050289052055769,
      "op_margin": 0.08258381893653394,
      "fcf_margin": 0.30630850419548405,
      "rev_growth_yoy": -0.010189188277011615,
      "rev_growth_yoy_accel": 0.060869021843528194,
      "op_leverage_ratio": Infinity,
      "fcf_margin_change": 0.24783062020636487
    },
    {
      "date": "2025-09-30T00:00:00",
      "quarter_label": "2025-09 (Q3)",
      "revenue": 9103363,
      "gross_profit": 4369898,
      "operating_income": 320878,
      "net_income": -790068,
      "opex": 4049020,
      "cogs": 4733465,
      "rd": 703819,
      "sga": null,
      "fcf": 1261549,
      "ocf": 1261549,
      "capex": null,
      "gross_margin": 0.48003117089805164,
      "op_margin": 0.03524829230691998,
      "fcf_margin": 0.13858054435487194,
      "rev_growth_yoy": -0.06567758817925548,
      "rev_growth_yoy_accel": -0.055488399902243864,
      "fcf_margin_change": -0.16772795984061212
    }
  ],
  "signals": [
    {
      "quarter": "2025-09 (Q3)",
      "signal": "YoY REVENUE GROWTH DECELERATION",
      "detail": "YoY growth: -6.6% vs prior quarter YoY: -1.0% (decel: -5.5%)",
      "severity": "WARNING"
    },
    {
      "quarter": "2025-09 (Q3)",
      "signal": "OP MARGIN TURNED POSITIVE (YoY)",
      "detail": "Op margin: -2.3% (year-ago) -> +3.5%",
      "severity": "HIGH"
    },
    {
      "quarter": "2025-06 (Q2)",
      "signal": "FCF MARGIN EXPANSION",
      "detail": "FCF margin: +5.8% -> +30.6% (+24.8%)",
      "severity": "MEDIUM"
    },
    {
      "quarter": "2025-06 (Q2)",
      "signal": "YoY REVENUE GROWTH ACCELERATION",
      "detail": "YoY growth: -1.0% vs prior quarter YoY: -7.1% (accel: +6.1%)",
      "severity": "MEDIUM"
    },
    {
      "quarter": "2025-06 (Q2)",
      "signal": "OP MARGIN TURNED POSITIVE (YoY)",
      "detail": "Op margin: -5.6% (year-ago) -> +8.3%",
      "severity": "HIGH"
    },
    {
      "quarter": "2025-03 (Q1)",
      "signal": "FCF TURNED POSITIVE",
      "detail": "FCF margin: -2.5% -> +5.8%",
      "severity": "HIGH"
    },
    {
      "quarter": "2025-03 (Q1)",
      "signal": "OP MARGIN TURNED POSITIVE (YoY)",
      "detail": "Op margin: -10.6% (year-ago) -> +0.5%",
      "severity": "HIGH"
    },
    {
      "quarter": "2024-12 (Q4)",
      "signal": "YoY REVENUE GROWTH DECELERATION",
      "detail": "YoY growth: -3.3% vs prior quarter YoY: +13.1% (decel: -16.4%)",
      "severity": "WARNING"
    },
    {
      "quarter": "2024-12 (Q4)",
      "signal": "OP MARGIN TURNED POSITIVE (YoY)",
      "detail": "Op margin: -2.0% (year-ago) -> +1.5%",
      "severity": "HIGH"
    },
    {
      "quarter": "2024-12 (Q4)",
      "signal": "OP MARGIN TURNED POSITIVE (QoQ)",
      "detail": "Op margin: -2.3% -> +1.5%",
      "severity": "HIGH"
    },
    {
      "quarter": "2024-09 (Q3)",
      "signal": "FCF TURNED POSITIVE",
      "detail": "FCF margin: -5.4% -> +34.5%",
      "severity": "HIGH"
    },
    {
      "quarter": "2024-09 (Q3)",
      "signal": "YoY REVENUE GROWTH ACCELERATION",
      "detail": "YoY growth: +13.1% vs prior quarter YoY: +5.6% (accel: +7.5%)",
      "severity": "MEDIUM"
    },
    {
      "quarter": "2024-06 (Q2)",
      "signal": "GROSS MARGIN INFLECTION",
      "detail": "GM: +46.9% -> +44.1% -> +46.5% (reversal +2.4%)",
      "severity": "MEDIUM"
    },
    {
      "quarter": "2024-03 (Q1)",
      "signal": "FCF MARGIN EXPANSION",
      "detail": "FCF margin: +7.2% -> +15.6% (+8.4%)",
      "severity": "MEDIUM"
    },
    {
      "quarter": "2024-03 (Q1)",
      "signal": "YoY REVENUE GROWTH ACCELERATION",
      "detail": "YoY growth: +8.2% vs prior quarter YoY: +1.3% (accel: +7.0%)",
      "severity": "MEDIUM"
    },
    {
      "quarter": "2023-06 (Q2)",
      "signal": "FCF TURNED POSITIVE",
      "detail": "FCF margin: -2.4% -> +9.4%",
      "severity": "HIGH"
    },
    {
      "quarter": "2023-06 (Q2)",
      "signal": "YoY REVENUE GROWTH ACCELERATION",
      "detail": "YoY growth: -3.1% vs prior quarter YoY: -12.4% (accel: +9.3%)",
      "severity": "MEDIUM"
    },
    {
      "quarter": "2022-12 (Q4)",
      "signal": "FCF MARGIN EXPANSION",
      "detail": "FCF margin: +6.9% -> +26.3% (+19.4%)",
      "severity": "MEDIUM"
    },
    {
      "quarter": "2022-09 (Q3)",
      "signal": "FCF TURNED POSITIVE",
      "detail": "FCF margin: -12.0% -> +6.9%",
      "severity": "HIGH"
    },
    {
      "quarter": "2022-06 (Q2)",
      "signal": "YoY REVENUE GROWTH DECELERATION",
      "detail": "YoY growth: -12.9% vs prior quarter YoY: -3.8% (decel: -9.1%)",
      "severity": "WARNING"
    },
    {
      "quarter": "2022-03 (Q1)",
      "signal": "YoY REVENUE GROWTH DECELERATION",
      "detail": "YoY growth: -3.8% vs prior quarter YoY: +2.1% (decel: -5.9%)",
      "severity": "WARNING"
    },
    {
      "quarter": "2021-12 (Q4)",
      "signal": "GROSS MARGIN INFLECTION",
      "detail": "GM: +54.7% -> +47.8% -> +50.0% (reversal +2.2%)",
      "severity": "MEDIUM"
    },
    {
      "quarter": "2021-06 (Q2)",
      "signal": "FCF MARGIN EXPANSION",
      "detail": "FCF margin: +2.7% -> +27.4% (+24.7%)",
      "severity": "MEDIUM"
    }
  ],
  "data_quality": {
    "n_quarters": 20,
    "coverage": {
      "revenue": [
        20,
        20
      ],
      "gross_profit": [
        20,
        20
      ],
      "op_income": [
        20,
        20
      ],
      "fcf": [
        20,
        20
      ]
    },
    "gaps": [],
    "warnings": []
  },
  "market_cap": null,
  "source": "SEC EDGAR",
  "last_updated": "2026-02-03T00:22:57.969279"
}