{
  "ticker": "TREE",
  "name": "LendingTree,\u00a0Inc.",
  "quarters": [
    {
      "date": "2020-12-31T00:00:00",
      "quarter_label": "2020-12 (Q4)",
      "revenue": 222329000,
      "gross_profit": 88069000,
      "operating_income": -3687000,
      "net_income": null,
      "opex": 226016000,
      "cogs": 13558000,
      "rd": 10384000,
      "sga": null,
      "fcf": null,
      "ocf": null,
      "capex": null,
      "gross_margin": 0.39612016426107255,
      "op_margin": -0.016583531613059924,
      "fcf_margin": null
    },
    {
      "date": "2021-03-31T00:00:00",
      "quarter_label": "2021-03 (Q1)",
      "revenue": 272750000,
      "gross_profit": 96347000,
      "operating_income": -1907000,
      "net_income": 19049000,
      "opex": 274657000,
      "cogs": 13895000,
      "rd": 12468000,
      "sga": null,
      "fcf": null,
      "ocf": null,
      "capex": null,
      "gross_margin": 0.3532428964252979,
      "op_margin": -0.006991750687442713,
      "fcf_margin": null,
      "op_leverage_ratio": 1.0537850424017206
    },
    {
      "date": "2021-06-30T00:00:00",
      "quarter_label": "2021-06 (Q2)",
      "revenue": 270014000,
      "gross_profit": 105600000,
      "operating_income": 10548000,
      "net_income": 6601000,
      "opex": 259466000,
      "cogs": 13934000,
      "rd": 13290000,
      "sga": null,
      "fcf": null,
      "ocf": null,
      "capex": null,
      "gross_margin": 0.39109083232721265,
      "op_margin": 0.03906464109268408,
      "fcf_margin": null
    },
    {
      "date": "2021-09-30T00:00:00",
      "quarter_label": "2021-09 (Q3)",
      "revenue": 297450000,
      "gross_profit": 112940000,
      "operating_income": 7419000,
      "net_income": -4460000,
      "opex": 290031000,
      "cogs": 15020000,
      "rd": 13384000,
      "sga": null,
      "fcf": null,
      "ocf": null,
      "capex": null,
      "gross_margin": 0.37969406622961843,
      "op_margin": 0.024942007060010086,
      "fcf_margin": null,
      "op_leverage_ratio": 0.8625624900042898
    },
    {
      "date": "2021-12-31T00:00:00",
      "quarter_label": "2021-12 (Q4)",
      "revenue": 258285000,
      "gross_profit": 95479000,
      "operating_income": -8029000,
      "net_income": 47925000,
      "opex": 266314000,
      "cogs": 14448000,
      "rd": 13723000,
      "sga": null,
      "fcf": null,
      "ocf": null,
      "capex": null,
      "gross_margin": 0.369665292215963,
      "op_margin": -0.031085816055907236,
      "fcf_margin": null,
      "incr_op_margin_yoy": -0.12075870508399154,
      "rev_growth_yoy": 0.16172429147794484
    },
    {
      "date": "2022-03-31T00:00:00",
      "quarter_label": "2022-03 (Q1)",
      "revenue": 283178000,
      "gross_profit": 99464000,
      "operating_income": -2934000,
      "net_income": -10826000,
      "opex": 286112000,
      "cogs": 15561000,
      "rd": 14052000,
      "sga": null,
      "fcf": 9999000,
      "ocf": 9999000,
      "capex": null,
      "gross_margin": 0.3512419750121831,
      "op_margin": -0.010360974369477855,
      "fcf_margin": 0.03530994639414079,
      "incr_op_margin_yoy": -0.09848484848484848,
      "rev_growth_yoy": 0.038232813932172316,
      "rev_growth_yoy_accel": -0.12349147754577253,
      "op_leverage_ratio": 1.2964349539892766
    },
    {
      "date": "2022-06-30T00:00:00",
      "quarter_label": "2022-06 (Q2)",
      "revenue": 261923000,
      "gross_profit": 93765000,
      "operating_income": -3894000,
      "net_income": -8038000,
      "opex": 265817000,
      "cogs": 14574000,
      "rd": 14318000,
      "sga": null,
      "fcf": 6094000,
      "ocf": 6094000,
      "capex": null,
      "gross_margin": 0.3579868892766195,
      "op_margin": -0.014866964718638683,
      "fcf_margin": 0.023266379813914776,
      "incr_op_margin_yoy": 1.7849462365591398,
      "rev_growth_yoy": -0.02996511292007081,
      "rev_growth_yoy_accel": -0.06819792685224313,
      "fcf_margin_change": -0.012043566580226015
    },
    {
      "date": "2022-09-30T00:00:00",
      "quarter_label": "2022-09 (Q3)",
      "revenue": 237836000,
      "gross_profit": 92267000,
      "operating_income": -18576000,
      "net_income": -158684000,
      "opex": 256412000,
      "cogs": 14105000,
      "rd": 14043000,
      "sga": null,
      "fcf": 10229000,
      "ocf": 10229000,
      "capex": null,
      "gross_margin": 0.38794379320203837,
      "op_margin": -0.0781042398963992,
      "fcf_margin": 0.043008627793942045,
      "incr_op_margin_yoy": 0.4360552890260677,
      "rev_growth_yoy": -0.20041687678601447,
      "rev_growth_yoy_accel": -0.17045176386594366,
      "fcf_margin_change": 0.01974224798002727
    },
    {
      "date": "2022-12-31T00:00:00",
      "quarter_label": "2022-12 (Q4)",
      "revenue": 202055000,
      "gross_profit": 83445000,
      "operating_income": -7352000,
      "net_income": -10404000,
      "opex": 209407000,
      "cogs": 13529000,
      "rd": 13140000,
      "sga": null,
      "fcf": 16645000,
      "ocf": 16645000,
      "capex": null,
      "gross_margin": 0.4129816139170028,
      "op_margin": -0.03638613248867883,
      "fcf_margin": 0.08237856029298954,
      "incr_op_margin_yoy": -0.012039836386270673,
      "rev_growth_yoy": -0.21770524807867278,
      "rev_growth_yoy_accel": -0.01728837129265831,
      "fcf_margin_change": 0.039369932499047494
    },
    {
      "date": "2023-03-31T00:00:00",
      "quarter_label": "2023-03 (Q1)",
      "revenue": 200508000,
      "gross_profit": 79957000,
      "operating_income": -13011000,
      "net_income": 13457000,
      "opex": 213519000,
      "cogs": 13760000,
      "rd": 14655000,
      "sga": null,
      "fcf": 13156000,
      "ocf": 13156000,
      "capex": null,
      "gross_margin": 0.3987721188182018,
      "op_margin": -0.06489017894547848,
      "fcf_margin": 0.06561334211103796,
      "incr_op_margin_yoy": 0.12189427845651385,
      "rev_growth_yoy": -0.29193652049241114,
      "rev_growth_yoy_accel": -0.07423127241373836,
      "fcf_margin_change": -0.016765218181951577
    },
    {
      "date": "2023-06-30T00:00:00",
      "quarter_label": "2023-06 (Q2)",
      "revenue": 182453000,
      "gross_profit": 78509000,
      "operating_income": 6613000,
      "net_income": -115000,
      "opex": 175840000,
      "cogs": 9302000,
      "rd": 10601000,
      "sga": null,
      "fcf": 15068000,
      "ocf": 15068000,
      "capex": null,
      "gross_margin": 0.43029711761385125,
      "op_margin": 0.03624495075444087,
      "fcf_margin": 0.0825856521953599,
      "incr_op_margin_yoy": -0.132213413866868,
      "rev_growth_yoy": -0.30340978073708685,
      "rev_growth_yoy_accel": -0.01147326024467571,
      "fcf_margin_change": 0.016972310084321943
    },
    {
      "date": "2023-09-30T00:00:00",
      "quarter_label": "2023-09 (Q3)",
      "revenue": 155188000,
      "gross_profit": 69069000,
      "operating_income": -33992000,
      "net_income": -148465000,
      "opex": 189180000,
      "cogs": 7570000,
      "rd": 10840000,
      "sga": null,
      "fcf": 18468000,
      "ocf": 18468000,
      "capex": null,
      "gross_margin": 0.4450666288630564,
      "op_margin": -0.21903755445008635,
      "fcf_margin": 0.11900404670464211,
      "incr_op_margin_yoy": 0.18652598973961862,
      "rev_growth_yoy": -0.34749995795422056,
      "rev_growth_yoy_accel": -0.04409017721713371,
      "fcf_margin_change": 0.036418394509282206
    },
    {
      "date": "2023-12-31T00:00:00",
      "quarter_label": "2023-12 (Q4)",
      "revenue": 134353000,
      "gross_profit": 62219000,
      "operating_income": -221000,
      "net_income": 12719000,
      "opex": 134574000,
      "cogs": 8126000,
      "rd": 11101000,
      "sga": null,
      "fcf": 20879000,
      "ocf": 20879000,
      "capex": null,
      "gross_margin": 0.46310093559503696,
      "op_margin": -0.0016449204707003192,
      "fcf_margin": 0.15540404754638898,
      "incr_op_margin_yoy": -0.10532923695016395,
      "rev_growth_yoy": -0.3350671846774393,
      "rev_growth_yoy_accel": 0.012432773276781273,
      "fcf_margin_change": 0.03640000084174687
    },
    {
      "date": "2024-03-31T00:00:00",
      "quarter_label": "2024-03 (Q1)",
      "revenue": 167768000,
      "gross_profit": 70522000,
      "operating_income": 7179000,
      "net_income": 1016000,
      "opex": 160589000,
      "cogs": 8545000,
      "rd": 11857000,
      "sga": null,
      "fcf": 5708000,
      "ocf": 5708000,
      "capex": null,
      "gross_margin": 0.42035429879357206,
      "op_margin": 0.04279123551571217,
      "fcf_margin": 0.03402317486052167,
      "incr_op_margin_yoy": -0.6166768478924862,
      "rev_growth_yoy": -0.16328525545115408,
      "rev_growth_yoy_accel": 0.1717819292262852,
      "op_leverage_ratio": 1.2865640983097617,
      "fcf_margin_change": -0.12138087268586731
    },
    {
      "date": "2024-06-30T00:00:00",
      "quarter_label": "2024-06 (Q2)",
      "revenue": 210140000,
      "gross_profit": 72488000,
      "operating_income": 9587000,
      "net_income": 7752000,
      "opex": 200553000,
      "cogs": 8411000,
      "rd": 10374000,
      "sga": null,
      "fcf": -4943000,
      "ocf": -4943000,
      "capex": null,
      "gross_margin": 0.34495098505758065,
      "op_margin": 0.0456219663081755,
      "fcf_margin": -0.023522413629009233,
      "incr_op_margin_yoy": 0.10741503232564019,
      "rev_growth_yoy": 0.15174866952036964,
      "rev_growth_yoy_accel": 0.3150339249715237,
      "op_leverage_ratio": 1.014884640394561,
      "fcf_margin_change": -0.057545588489530904
    },
    {
      "date": "2024-09-30T00:00:00",
      "quarter_label": "2024-09 (Q3)",
      "revenue": 260789000,
      "gross_profit": 78638000,
      "operating_income": 9920000,
      "net_income": -57978000,
      "opex": 250869000,
      "cogs": 9372000,
      "rd": 11190000,
      "sga": null,
      "fcf": 45257000,
      "ocf": 45257000,
      "capex": null,
      "gross_margin": 0.3015387918968975,
      "op_margin": 0.038038414196917815,
      "fcf_margin": 0.173538761220757,
      "incr_op_margin_yoy": 0.41582939555496634,
      "rev_growth_yoy": 0.6804714282032116,
      "rev_growth_yoy_accel": 0.528722758682842,
      "op_leverage_ratio": 0.9606942727652679,
      "fcf_margin_change": 0.19706117484976624
    },
    {
      "date": "2024-12-31T00:00:00",
      "quarter_label": "2024-12 (Q4)",
      "revenue": 261522000,
      "gross_profit": 87920000,
      "operating_income": 17941000,
      "net_income": 7506000,
      "opex": 243581000,
      "cogs": 9744000,
      "rd": 12937000,
      "sga": null,
      "fcf": 16236000,
      "ocf": 16236000,
      "capex": null,
      "gross_margin": 0.3361858658162602,
      "op_margin": 0.06860225908336584,
      "fcf_margin": 0.06208273108954505,
      "incr_op_margin_yoy": 0.14281782509888416,
      "rev_growth_yoy": 0.9465289200836602,
      "rev_growth_yoy_accel": 0.2660574918804486,
      "fcf_margin_change": -0.11145603013121197
    },
    {
      "date": "2025-03-31T00:00:00",
      "quarter_label": "2025-03 (Q1)",
      "revenue": 239728000,
      "gross_profit": 78981000,
      "operating_income": -7109000,
      "net_income": -12375000,
      "opex": 246837000,
      "cogs": 9908000,
      "rd": 11904000,
      "sga": null,
      "fcf": -210000,
      "ocf": -210000,
      "capex": null,
      "gross_margin": 0.3294608890075419,
      "op_margin": -0.029654441700594007,
      "fcf_margin": -0.0008759927918307415,
      "incr_op_margin_yoy": -0.19855475264035574,
      "rev_growth_yoy": 0.4289256592437175,
      "rev_growth_yoy_accel": -0.5176032608399427,
      "fcf_margin_change": -0.06295872388137579
    },
    {
      "date": "2025-06-30T00:00:00",
      "quarter_label": "2025-06 (Q2)",
      "revenue": 250116000,
      "gross_profit": 85110000,
      "operating_income": 20924000,
      "net_income": 8862000,
      "opex": 229192000,
      "cogs": 10029000,
      "rd": 11473000,
      "sga": null,
      "fcf": 27953000,
      "ocf": 27953000,
      "capex": null,
      "gross_margin": 0.34028210910137696,
      "op_margin": 0.08365718306705688,
      "fcf_margin": 0.1117601432935118,
      "incr_op_margin_yoy": 0.28359515709425653,
      "rev_growth_yoy": 0.19023508137432188,
      "rev_growth_yoy_accel": -0.23869057786939563,
      "op_leverage_ratio": Infinity,
      "fcf_margin_change": 0.11263613608534255
    },
    {
      "date": "2025-09-30T00:00:00",
      "quarter_label": "2025-09 (Q3)",
      "revenue": 307792000,
      "gross_profit": 94563000,
      "operating_income": 28766000,
      "net_income": 10165000,
      "opex": 279026000,
      "cogs": 11017000,
      "rd": 11297000,
      "sga": null,
      "fcf": 28832000,
      "ocf": 28832000,
      "capex": null,
      "gross_margin": 0.3072302074127983,
      "op_margin": 0.093459219212975,
      "fcf_margin": 0.09367364973748506,
      "incr_op_margin_yoy": 0.400953130651235,
      "rev_growth_yoy": 0.18023382888081935,
      "rev_growth_yoy_accel": -0.010001252493502533,
      "op_leverage_ratio": 1.0605407615167242,
      "fcf_margin_change": -0.018086493556026748
    }
  ],
  "signals": [
    {
      "quarter": "2025-09 (Q3)",
      "signal": "INCREMENTAL MARGIN (YoY)",
      "detail": "YoY Incr OPM: +40.1% vs year-ago OPM: +3.8%",
      "severity": "HIGH"
    },
    {
      "quarter": "2025-06 (Q2)",
      "signal": "FCF TURNED POSITIVE",
      "detail": "FCF margin: -0.1% -> +11.2%",
      "severity": "HIGH"
    },
    {
      "quarter": "2025-06 (Q2)",
      "signal": "YoY REVENUE GROWTH DECELERATION",
      "detail": "YoY growth: +19.0% vs prior quarter YoY: +42.9% (decel: -23.9%)",
      "severity": "WARNING"
    },
    {
      "quarter": "2025-06 (Q2)",
      "signal": "INCREMENTAL MARGIN (YoY)",
      "detail": "YoY Incr OPM: +28.4% vs year-ago OPM: +4.6%",
      "severity": "HIGH"
    },
    {
      "quarter": "2025-06 (Q2)",
      "signal": "OP MARGIN TURNED POSITIVE (QoQ)",
      "detail": "Op margin: -3.0% -> +8.4%",
      "severity": "HIGH"
    },
    {
      "quarter": "2025-03 (Q1)",
      "signal": "YoY REVENUE GROWTH DECELERATION",
      "detail": "YoY growth: +42.9% vs prior quarter YoY: +94.7% (decel: -51.8%)",
      "severity": "WARNING"
    },
    {
      "quarter": "2024-12 (Q4)",
      "signal": "GROSS MARGIN INFLECTION",
      "detail": "GM: +34.5% -> +30.2% -> +33.6% (reversal +3.5%)",
      "severity": "MEDIUM"
    },
    {
      "quarter": "2024-12 (Q4)",
      "signal": "YoY REVENUE GROWTH ACCELERATION",
      "detail": "YoY growth: +94.7% vs prior quarter YoY: +68.0% (accel: +26.6%)",
      "severity": "HIGH"
    },
    {
      "quarter": "2024-12 (Q4)",
      "signal": "OP MARGIN TURNED POSITIVE (YoY)",
      "detail": "Op margin: -0.2% (year-ago) -> +6.9%",
      "severity": "HIGH"
    },
    {
      "quarter": "2024-09 (Q3)",
      "signal": "FCF TURNED POSITIVE",
      "detail": "FCF margin: -2.4% -> +17.4%",
      "severity": "HIGH"
    },
    {
      "quarter": "2024-09 (Q3)",
      "signal": "YoY REVENUE GROWTH ACCELERATION",
      "detail": "YoY growth: +68.0% vs prior quarter YoY: +15.2% (accel: +52.9%)",
      "severity": "HIGH"
    },
    {
      "quarter": "2024-09 (Q3)",
      "signal": "OP MARGIN TURNED POSITIVE (YoY)",
      "detail": "Op margin: -21.9% (year-ago) -> +3.8%",
      "severity": "HIGH"
    },
    {
      "quarter": "2024-06 (Q2)",
      "signal": "YoY REVENUE GROWTH ACCELERATION",
      "detail": "YoY growth: +15.2% vs prior quarter YoY: -16.3% (accel: +31.5%)",
      "severity": "HIGH"
    },
    {
      "quarter": "2024-03 (Q1)",
      "signal": "YoY REVENUE GROWTH ACCELERATION",
      "detail": "YoY growth: -16.3% vs prior quarter YoY: -33.5% (accel: +17.2%)",
      "severity": "HIGH"
    },
    {
      "quarter": "2024-03 (Q1)",
      "signal": "OP MARGIN TURNED POSITIVE (YoY)",
      "detail": "Op margin: -6.5% (year-ago) -> +4.3%",
      "severity": "HIGH"
    },
    {
      "quarter": "2024-03 (Q1)",
      "signal": "OP MARGIN TURNED POSITIVE (QoQ)",
      "detail": "Op margin: -0.2% -> +4.3%",
      "severity": "HIGH"
    },
    {
      "quarter": "2023-06 (Q2)",
      "signal": "GROSS MARGIN INFLECTION",
      "detail": "GM: +41.3% -> +39.9% -> +43.0% (reversal +3.2%)",
      "severity": "MEDIUM"
    },
    {
      "quarter": "2023-06 (Q2)",
      "signal": "OP MARGIN TURNED POSITIVE (YoY)",
      "detail": "Op margin: -1.5% (year-ago) -> +3.6%",
      "severity": "HIGH"
    },
    {
      "quarter": "2023-06 (Q2)",
      "signal": "OP MARGIN TURNED POSITIVE (QoQ)",
      "detail": "Op margin: -6.5% -> +3.6%",
      "severity": "HIGH"
    },
    {
      "quarter": "2023-03 (Q1)",
      "signal": "YoY REVENUE GROWTH DECELERATION",
      "detail": "YoY growth: -29.2% vs prior quarter YoY: -21.8% (decel: -7.4%)",
      "severity": "WARNING"
    },
    {
      "quarter": "2022-09 (Q3)",
      "signal": "YoY REVENUE GROWTH DECELERATION",
      "detail": "YoY growth: -20.0% vs prior quarter YoY: -3.0% (decel: -17.0%)",
      "severity": "WARNING"
    },
    {
      "quarter": "2022-06 (Q2)",
      "signal": "YoY REVENUE GROWTH DECELERATION",
      "detail": "YoY growth: -3.0% vs prior quarter YoY: +3.8% (decel: -6.8%)",
      "severity": "WARNING"
    },
    {
      "quarter": "2022-03 (Q1)",
      "signal": "YoY REVENUE GROWTH DECELERATION",
      "detail": "YoY growth: +3.8% vs prior quarter YoY: +16.2% (decel: -12.3%)",
      "severity": "WARNING"
    },
    {
      "quarter": "2021-06 (Q2)",
      "signal": "GROSS MARGIN INFLECTION",
      "detail": "GM: +39.6% -> +35.3% -> +39.1% (reversal +3.8%)",
      "severity": "MEDIUM"
    },
    {
      "quarter": "2021-06 (Q2)",
      "signal": "OP MARGIN TURNED POSITIVE (QoQ)",
      "detail": "Op margin: -0.7% -> +3.9%",
      "severity": "HIGH"
    }
  ],
  "data_quality": {
    "n_quarters": 20,
    "coverage": {
      "revenue": [
        20,
        20
      ],
      "gross_profit": [
        20,
        20
      ],
      "op_income": [
        20,
        20
      ],
      "fcf": [
        15,
        20
      ]
    },
    "gaps": [],
    "warnings": [
      "fcf: 15/20Q"
    ]
  },
  "market_cap": null,
  "source": "SEC EDGAR",
  "last_updated": "2026-02-02T22:08:35.475708"
}