{
  "ticker": "TRNO",
  "name": "Terreno Realty Corporation",
  "quarters": [
    {
      "date": "2020-12-31T00:00:00",
      "quarter_label": "2020-12 (Q4)",
      "revenue": 48879000,
      "gross_profit": null,
      "operating_income": null,
      "net_income": 13513000,
      "opex": 31239000,
      "cogs": null,
      "rd": null,
      "sga": null,
      "fcf": 23682000,
      "ocf": 23682000,
      "capex": null,
      "gross_margin": null,
      "op_margin": null,
      "fcf_margin": 0.4845025471061192
    },
    {
      "date": "2021-03-31T00:00:00",
      "quarter_label": "2021-03 (Q1)",
      "revenue": 50691000,
      "gross_profit": null,
      "operating_income": null,
      "net_income": 16257000,
      "opex": 30525000,
      "cogs": null,
      "rd": null,
      "sga": null,
      "fcf": 26155000,
      "ocf": 26155000,
      "capex": null,
      "gross_margin": null,
      "op_margin": null,
      "fcf_margin": 0.5159693042157385,
      "op_leverage_ratio": Infinity,
      "fcf_margin_change": 0.031466757109619325
    },
    {
      "date": "2021-06-30T00:00:00",
      "quarter_label": "2021-06 (Q2)",
      "revenue": 53295000,
      "gross_profit": null,
      "operating_income": null,
      "net_income": 17378000,
      "opex": 32122000,
      "cogs": null,
      "rd": null,
      "sga": null,
      "fcf": 33069000,
      "ocf": 33069000,
      "capex": null,
      "gross_margin": null,
      "op_margin": null,
      "fcf_margin": 0.620489726991275,
      "op_leverage_ratio": 0.981885569976463,
      "fcf_margin_change": 0.10452042277553653
    },
    {
      "date": "2021-09-30T00:00:00",
      "quarter_label": "2021-09 (Q3)",
      "revenue": 57269000,
      "gross_profit": null,
      "operating_income": null,
      "net_income": 21360000,
      "opex": 34636000,
      "cogs": null,
      "rd": null,
      "sga": null,
      "fcf": 39217000,
      "ocf": 39217000,
      "capex": null,
      "gross_margin": null,
      "op_margin": null,
      "fcf_margin": 0.6847858352686444,
      "op_leverage_ratio": 0.9527494366289376,
      "fcf_margin_change": 0.06429610827736942
    },
    {
      "date": "2021-12-31T00:00:00",
      "quarter_label": "2021-12 (Q4)",
      "revenue": 60675000,
      "gross_profit": null,
      "operating_income": null,
      "net_income": 32259000,
      "opex": 36788000,
      "cogs": null,
      "rd": null,
      "sga": null,
      "fcf": 33767000,
      "ocf": 33767000,
      "capex": null,
      "gross_margin": null,
      "op_margin": null,
      "fcf_margin": 0.5565224557066337,
      "rev_growth_yoy": 0.24133063278708647,
      "op_leverage_ratio": 0.9572172310665099,
      "fcf_margin_change": -0.12826337956201073
    },
    {
      "date": "2022-03-31T00:00:00",
      "quarter_label": "2022-03 (Q1)",
      "revenue": 64035000,
      "gross_profit": null,
      "operating_income": null,
      "net_income": 19662000,
      "opex": 39413000,
      "cogs": null,
      "rd": null,
      "sga": null,
      "fcf": 28033000,
      "ocf": 28033000,
      "capex": null,
      "gross_margin": null,
      "op_margin": null,
      "fcf_margin": 0.4377762161318029,
      "rev_growth_yoy": 0.26324199562052436,
      "rev_growth_yoy_accel": 0.021911362833437892,
      "op_leverage_ratio": 0.7760797692624638,
      "fcf_margin_change": -0.11874623957483083
    },
    {
      "date": "2022-06-30T00:00:00",
      "quarter_label": "2022-06 (Q2)",
      "revenue": 65369000,
      "gross_profit": null,
      "operating_income": null,
      "net_income": 97033000,
      "opex": 39452000,
      "cogs": null,
      "rd": null,
      "sga": null,
      "fcf": 35194000,
      "ocf": 35194000,
      "capex": null,
      "gross_margin": null,
      "op_margin": null,
      "fcf_margin": 0.5383897566124616,
      "rev_growth_yoy": 0.22655033305188105,
      "rev_growth_yoy_accel": -0.03669166256864331,
      "op_leverage_ratio": Infinity,
      "fcf_margin_change": 0.10061354048065868
    },
    {
      "date": "2022-09-30T00:00:00",
      "quarter_label": "2022-09 (Q3)",
      "revenue": 70801000,
      "gross_profit": null,
      "operating_income": null,
      "net_income": 22439000,
      "opex": 42272000,
      "cogs": null,
      "rd": null,
      "sga": null,
      "fcf": 45792000,
      "ocf": 45792000,
      "capex": null,
      "gross_margin": null,
      "op_margin": null,
      "fcf_margin": 0.6467705258400305,
      "rev_growth_yoy": 0.23628839337163213,
      "rev_growth_yoy_accel": 0.00973806031975108,
      "op_leverage_ratio": 1.1625398162466452,
      "fcf_margin_change": 0.1083807692275689
    },
    {
      "date": "2022-12-31T00:00:00",
      "quarter_label": "2022-12 (Q4)",
      "revenue": 76007000,
      "gross_profit": null,
      "operating_income": null,
      "net_income": 58880000,
      "opex": 46186000,
      "cogs": null,
      "rd": null,
      "sga": null,
      "fcf": 34191000,
      "ocf": 34191000,
      "capex": null,
      "gross_margin": null,
      "op_margin": null,
      "fcf_margin": 0.4498401463023143,
      "rev_growth_yoy": 0.2526905644829007,
      "rev_growth_yoy_accel": 0.0164021711112686,
      "op_leverage_ratio": 0.7941394059076835,
      "fcf_margin_change": -0.1969303795377162
    },
    {
      "date": "2023-03-31T00:00:00",
      "quarter_label": "2023-03 (Q1)",
      "revenue": 74651000,
      "gross_profit": null,
      "operating_income": null,
      "net_income": 23331000,
      "opex": 45908000,
      "cogs": null,
      "rd": null,
      "sga": null,
      "fcf": 38801000,
      "ocf": 38801000,
      "capex": null,
      "gross_margin": null,
      "op_margin": null,
      "fcf_margin": 0.5197653078994253,
      "rev_growth_yoy": 0.16578433669087217,
      "rev_growth_yoy_accel": -0.08690622779202856,
      "fcf_margin_change": 0.06992516159711104
    },
    {
      "date": "2023-06-30T00:00:00",
      "quarter_label": "2023-06 (Q2)",
      "revenue": 79535000,
      "gross_profit": null,
      "operating_income": null,
      "net_income": 40254000,
      "opex": 46611000,
      "cogs": null,
      "rd": null,
      "sga": null,
      "fcf": 48562000,
      "ocf": 48562000,
      "capex": null,
      "gross_margin": null,
      "op_margin": null,
      "fcf_margin": 0.6105739611491796,
      "rev_growth_yoy": 0.2167082256115284,
      "rev_growth_yoy_accel": 0.05092388892065622,
      "op_leverage_ratio": 4.272411481074388,
      "fcf_margin_change": 0.09080865324975429
    },
    {
      "date": "2023-09-30T00:00:00",
      "quarter_label": "2023-09 (Q3)",
      "revenue": 82920000,
      "gross_profit": null,
      "operating_income": null,
      "net_income": 30315000,
      "opex": 47884000,
      "cogs": null,
      "rd": null,
      "sga": null,
      "fcf": 53263000,
      "ocf": 53263000,
      "capex": null,
      "gross_margin": null,
      "op_margin": null,
      "fcf_margin": 0.6423420164013507,
      "rev_growth_yoy": 0.17116989873024394,
      "rev_growth_yoy_accel": -0.04553832688128445,
      "op_leverage_ratio": 1.5583334909495299,
      "fcf_margin_change": 0.03176805525217108
    },
    {
      "date": "2023-12-31T00:00:00",
      "quarter_label": "2023-12 (Q4)",
      "revenue": 86484000,
      "gross_profit": null,
      "operating_income": null,
      "net_income": 57557000,
      "opex": 50054000,
      "cogs": null,
      "rd": null,
      "sga": null,
      "fcf": 39051000,
      "ocf": 39051000,
      "capex": null,
      "gross_margin": null,
      "op_margin": null,
      "fcf_margin": 0.4515401692798668,
      "rev_growth_yoy": 0.13784256713197468,
      "rev_growth_yoy_accel": -0.033327331598269255,
      "op_leverage_ratio": 0.9484383148712545,
      "fcf_margin_change": -0.1908018471214839
    },
    {
      "date": "2024-03-31T00:00:00",
      "quarter_label": "2024-03 (Q1)",
      "revenue": 85030000,
      "gross_profit": null,
      "operating_income": null,
      "net_income": 36059000,
      "opex": 52339000,
      "cogs": null,
      "rd": null,
      "sga": null,
      "fcf": 47039000,
      "ocf": 47039000,
      "capex": null,
      "gross_margin": null,
      "op_margin": null,
      "fcf_margin": 0.5532047512642597,
      "rev_growth_yoy": 0.1390336365219488,
      "rev_growth_yoy_accel": 0.0011910693899741254,
      "fcf_margin_change": 0.10166458198439293
    },
    {
      "date": "2024-06-30T00:00:00",
      "quarter_label": "2024-06 (Q2)",
      "revenue": 94247000,
      "gross_profit": null,
      "operating_income": null,
      "net_income": 35696000,
      "opex": 57363000,
      "cogs": null,
      "rd": null,
      "sga": null,
      "fcf": 64330000,
      "ocf": 64330000,
      "capex": null,
      "gross_margin": null,
      "op_margin": null,
      "fcf_margin": 0.6825681454051588,
      "rev_growth_yoy": 0.18497516816495882,
      "rev_growth_yoy_accel": 0.045941531643010014,
      "op_leverage_ratio": 1.1292580583211171,
      "fcf_margin_change": 0.12936339414089904
    },
    {
      "date": "2024-09-30T00:00:00",
      "quarter_label": "2024-09 (Q3)",
      "revenue": 99635000,
      "gross_profit": null,
      "operating_income": null,
      "net_income": 36639000,
      "opex": 60443000,
      "cogs": null,
      "rd": null,
      "sga": null,
      "fcf": 69992000,
      "ocf": 69992000,
      "capex": null,
      "gross_margin": null,
      "op_margin": null,
      "fcf_margin": 0.7024840668439806,
      "rev_growth_yoy": 0.201579835986493,
      "rev_growth_yoy_accel": 0.01660466782153419,
      "op_leverage_ratio": 1.064734169774118,
      "fcf_margin_change": 0.019915921438821815
    },
    {
      "date": "2024-12-31T00:00:00",
      "quarter_label": "2024-12 (Q4)",
      "revenue": 103709000,
      "gross_profit": null,
      "operating_income": null,
      "net_income": 76103000,
      "opex": 64520000,
      "cogs": null,
      "rd": null,
      "sga": null,
      "fcf": 51326000,
      "ocf": 51326000,
      "capex": null,
      "gross_margin": null,
      "op_margin": null,
      "fcf_margin": 0.49490401025947606,
      "rev_growth_yoy": 0.19916978863142315,
      "rev_growth_yoy_accel": -0.002410047355069861,
      "op_leverage_ratio": 0.6061978613403234,
      "fcf_margin_change": -0.2075800565845045
    },
    {
      "date": "2025-03-31T00:00:00",
      "quarter_label": "2025-03 (Q1)",
      "revenue": 110420000,
      "gross_profit": null,
      "operating_income": null,
      "net_income": 48126000,
      "opex": 67432000,
      "cogs": null,
      "rd": null,
      "sga": null,
      "fcf": 61433000,
      "ocf": 61433000,
      "capex": null,
      "gross_margin": null,
      "op_margin": null,
      "fcf_margin": 0.5563575439232024,
      "rev_growth_yoy": 0.2986004939433141,
      "rev_growth_yoy_accel": 0.09943070531189097,
      "op_leverage_ratio": 1.4337511532427116,
      "fcf_margin_change": 0.0614535336637263
    },
    {
      "date": "2025-06-30T00:00:00",
      "quarter_label": "2025-06 (Q2)",
      "revenue": 112234000,
      "gross_profit": null,
      "operating_income": null,
      "net_income": 93273000,
      "opex": 68511000,
      "cogs": null,
      "rd": null,
      "sga": null,
      "fcf": 60634000,
      "ocf": 60634000,
      "capex": null,
      "gross_margin": null,
      "op_margin": null,
      "fcf_margin": 0.5402462711834204,
      "rev_growth_yoy": 0.19084957611382855,
      "rev_growth_yoy_accel": -0.10775091782948557,
      "op_leverage_ratio": 1.026677716676691,
      "fcf_margin_change": -0.016111272739781968
    },
    {
      "date": "2025-09-30T00:00:00",
      "quarter_label": "2025-09 (Q3)",
      "revenue": 116248000,
      "gross_profit": null,
      "operating_income": null,
      "net_income": 103376000,
      "opex": 68286000,
      "cogs": null,
      "rd": null,
      "sga": null,
      "fcf": 79529000,
      "ocf": 79529000,
      "capex": null,
      "gross_margin": null,
      "op_margin": null,
      "fcf_margin": 0.6841322001238731,
      "rev_growth_yoy": 0.16673859587494355,
      "rev_growth_yoy_accel": -0.024110980238885,
      "op_leverage_ratio": Infinity,
      "fcf_margin_change": 0.1438859289404527
    }
  ],
  "signals": [
    {
      "quarter": "2025-09 (Q3)",
      "signal": "FCF MARGIN EXPANSION",
      "detail": "FCF margin: +54.0% -> +68.4% (+14.4%)",
      "severity": "MEDIUM"
    },
    {
      "quarter": "2025-06 (Q2)",
      "signal": "YoY REVENUE GROWTH DECELERATION",
      "detail": "YoY growth: +19.1% vs prior quarter YoY: +29.9% (decel: -10.8%)",
      "severity": "WARNING"
    },
    {
      "quarter": "2025-03 (Q1)",
      "signal": "FCF MARGIN EXPANSION",
      "detail": "FCF margin: +49.5% -> +55.6% (+6.1%)",
      "severity": "MEDIUM"
    },
    {
      "quarter": "2025-03 (Q1)",
      "signal": "YoY REVENUE GROWTH ACCELERATION",
      "detail": "YoY growth: +29.9% vs prior quarter YoY: +19.9% (accel: +9.9%)",
      "severity": "MEDIUM"
    },
    {
      "quarter": "2024-06 (Q2)",
      "signal": "FCF MARGIN EXPANSION",
      "detail": "FCF margin: +55.3% -> +68.3% (+12.9%)",
      "severity": "MEDIUM"
    },
    {
      "quarter": "2024-03 (Q1)",
      "signal": "FCF MARGIN EXPANSION",
      "detail": "FCF margin: +45.2% -> +55.3% (+10.2%)",
      "severity": "MEDIUM"
    },
    {
      "quarter": "2023-09 (Q3)",
      "signal": "OPERATING LEVERAGE",
      "detail": "Rev growth +4.3% vs OpEx growth +2.7% (leverage: 1.6x)",
      "severity": "MEDIUM"
    },
    {
      "quarter": "2023-06 (Q2)",
      "signal": "FCF MARGIN EXPANSION",
      "detail": "FCF margin: +52.0% -> +61.1% (+9.1%)",
      "severity": "MEDIUM"
    },
    {
      "quarter": "2023-06 (Q2)",
      "signal": "OPERATING LEVERAGE",
      "detail": "Rev growth +6.5% vs OpEx growth +1.5% (leverage: 4.3x)",
      "severity": "MEDIUM"
    },
    {
      "quarter": "2023-06 (Q2)",
      "signal": "YoY REVENUE GROWTH ACCELERATION",
      "detail": "YoY growth: +21.7% vs prior quarter YoY: +16.6% (accel: +5.1%)",
      "severity": "MEDIUM"
    },
    {
      "quarter": "2023-03 (Q1)",
      "signal": "FCF MARGIN EXPANSION",
      "detail": "FCF margin: +45.0% -> +52.0% (+7.0%)",
      "severity": "MEDIUM"
    },
    {
      "quarter": "2023-03 (Q1)",
      "signal": "YoY REVENUE GROWTH DECELERATION",
      "detail": "YoY growth: +16.6% vs prior quarter YoY: +25.3% (decel: -8.7%)",
      "severity": "WARNING"
    },
    {
      "quarter": "2022-09 (Q3)",
      "signal": "FCF MARGIN EXPANSION",
      "detail": "FCF margin: +53.8% -> +64.7% (+10.8%)",
      "severity": "MEDIUM"
    },
    {
      "quarter": "2022-06 (Q2)",
      "signal": "FCF MARGIN EXPANSION",
      "detail": "FCF margin: +43.8% -> +53.8% (+10.1%)",
      "severity": "MEDIUM"
    },
    {
      "quarter": "2022-06 (Q2)",
      "signal": "OPERATING LEVERAGE",
      "detail": "Rev growth +2.1% vs OpEx growth +0.1% (leverage: 21.1x)",
      "severity": "MEDIUM"
    },
    {
      "quarter": "2021-09 (Q3)",
      "signal": "FCF MARGIN EXPANSION",
      "detail": "FCF margin: +62.0% -> +68.5% (+6.4%)",
      "severity": "MEDIUM"
    },
    {
      "quarter": "2021-06 (Q2)",
      "signal": "FCF MARGIN EXPANSION",
      "detail": "FCF margin: +51.6% -> +62.0% (+10.5%)",
      "severity": "MEDIUM"
    }
  ],
  "data_quality": {
    "n_quarters": 20,
    "coverage": {
      "revenue": [
        20,
        20
      ],
      "gross_profit": [
        0,
        20
      ],
      "op_income": [
        0,
        20
      ],
      "fcf": [
        20,
        20
      ]
    },
    "gaps": [],
    "warnings": [
      "gross_profit: no data",
      "op_income: no data"
    ]
  },
  "market_cap": null,
  "source": "SEC EDGAR",
  "last_updated": "2026-02-02T20:54:21.125501"
}