{
  "ticker": "TRNS",
  "name": "Transcat, Inc.",
  "quarters": [
    {
      "date": "2021-06-26T00:00:00",
      "quarter_label": "2021-06 (Q2)",
      "revenue": 47790000,
      "gross_profit": 13520000,
      "operating_income": 3689000,
      "net_income": 3688000,
      "opex": 9831000,
      "cogs": 34270000,
      "rd": null,
      "sga": null,
      "fcf": 852000,
      "ocf": 2055000,
      "capex": -1203000,
      "gross_margin": 0.2829043732998535,
      "op_margin": 0.0771918811466834,
      "fcf_margin": 0.017827997489014438
    },
    {
      "date": "2021-09-25T00:00:00",
      "quarter_label": "2021-09 (Q3)",
      "revenue": 50387000,
      "gross_profit": 14611000,
      "operating_income": 3578000,
      "net_income": 3015000,
      "opex": 11033000,
      "cogs": 35776000,
      "rd": null,
      "sga": null,
      "fcf": 2880000,
      "ocf": 5447000,
      "capex": -2567000,
      "gross_margin": 0.2899755889415921,
      "op_margin": 0.07101037966142061,
      "fcf_margin": 0.05715760017464822,
      "op_leverage_ratio": 0.4444553595023152,
      "fcf_margin_change": 0.039329602685633784
    },
    {
      "date": "2021-12-25T00:00:00",
      "quarter_label": "2021-12 (Q4)",
      "revenue": 50902000,
      "gross_profit": 13636000,
      "operating_income": 2361000,
      "net_income": 1629000,
      "opex": 11275000,
      "cogs": 37266000,
      "rd": null,
      "sga": null,
      "fcf": 2785000,
      "ocf": 4876000,
      "capex": -2091000,
      "gross_margin": 0.267887312875722,
      "op_margin": 0.046383246237868846,
      "fcf_margin": 0.05471297787906173,
      "op_leverage_ratio": 0.46597968090615005,
      "fcf_margin_change": -0.0024446222955864932
    },
    {
      "date": "2022-03-26T00:00:00",
      "quarter_label": "2022-03 (Q1)",
      "revenue": 55880000,
      "gross_profit": 16672000,
      "operating_income": 4515000,
      "net_income": 3048000,
      "opex": 12157000,
      "cogs": 39208000,
      "rd": null,
      "sga": null,
      "fcf": 949000,
      "ocf": 5240000,
      "capex": -4291000,
      "gross_margin": 0.29835361488904794,
      "op_margin": 0.08079813886900501,
      "fcf_margin": 0.01698282032927702,
      "op_leverage_ratio": 1.2501669429968625,
      "fcf_margin_change": -0.037730157549784704
    },
    {
      "date": "2022-06-25T00:00:00",
      "quarter_label": "2022-06 (Q2)",
      "revenue": 54661000,
      "gross_profit": 16038000,
      "operating_income": 3604000,
      "net_income": 3072000,
      "opex": 12434000,
      "cogs": 38623000,
      "rd": null,
      "sga": null,
      "fcf": -356000,
      "ocf": 2043000,
      "capex": -2399000,
      "gross_margin": 0.29340846307239166,
      "op_margin": 0.06593366385539964,
      "fcf_margin": -0.00651287023654891,
      "incr_op_margin_yoy": -0.012370833939746763,
      "rev_growth_yoy": 0.1437748482946223,
      "fcf_margin_change": -0.02349569056582593
    },
    {
      "date": "2022-09-24T00:00:00",
      "quarter_label": "2022-09 (Q3)",
      "revenue": 56439000,
      "gross_profit": 16767000,
      "operating_income": 3626000,
      "net_income": 2357000,
      "opex": 13141000,
      "cogs": 39672000,
      "rd": null,
      "sga": null,
      "fcf": 819000,
      "ocf": 3192000,
      "capex": -2373000,
      "gross_margin": 0.29708180513474725,
      "op_margin": 0.06424635447119899,
      "fcf_margin": 0.014511242226120236,
      "incr_op_margin_yoy": 0.007931262392597489,
      "rev_growth_yoy": 0.1201103459225594,
      "rev_growth_yoy_accel": -0.023664502372062912,
      "op_leverage_ratio": 0.5720653366447126,
      "fcf_margin_change": 0.021024112462669147
    },
    {
      "date": "2022-12-24T00:00:00",
      "quarter_label": "2022-12 (Q4)",
      "revenue": 57402000,
      "gross_profit": 16400000,
      "operating_income": 3163000,
      "net_income": 1601000,
      "opex": 13237000,
      "cogs": 41002000,
      "rd": null,
      "sga": null,
      "fcf": 6363000,
      "ocf": 8740000,
      "capex": -2377000,
      "gross_margin": 0.28570433085955194,
      "op_margin": 0.05510260966516846,
      "fcf_margin": 0.11084979617434933,
      "incr_op_margin_yoy": 0.12338461538461538,
      "rev_growth_yoy": 0.12769635770696633,
      "rev_growth_yoy_accel": 0.007586011784406932,
      "op_leverage_ratio": 2.3356306144687187,
      "fcf_margin_change": 0.09633855394822909
    },
    {
      "date": "2023-03-25T00:00:00",
      "quarter_label": "2023-03 (Q1)",
      "revenue": 62067000,
      "gross_profit": 19150000,
      "operating_income": 5855000,
      "net_income": 3658000,
      "opex": 13295000,
      "cogs": 42917000,
      "rd": null,
      "sga": null,
      "fcf": 711000,
      "ocf": 2976000,
      "capex": -2265000,
      "gross_margin": 0.3085375481334687,
      "op_margin": 0.09433354278441039,
      "fcf_margin": 0.01145536275315385,
      "incr_op_margin_yoy": 0.2165831582350089,
      "rev_growth_yoy": 0.1107193987115247,
      "rev_growth_yoy_accel": -0.016976958995441632,
      "op_leverage_ratio": 18.54753498916895,
      "fcf_margin_change": -0.09939443342119547
    },
    {
      "date": "2023-06-24T00:00:00",
      "quarter_label": "2023-06 (Q2)",
      "revenue": 60598000,
      "gross_profit": 18710000,
      "operating_income": 4640000,
      "net_income": 2949000,
      "opex": 14070000,
      "cogs": 41888000,
      "rd": null,
      "sga": null,
      "fcf": 4769000,
      "ocf": 7536000,
      "capex": -2767000,
      "gross_margin": 0.30875606455658605,
      "op_margin": 0.07657018383444998,
      "fcf_margin": 0.07869896696260603,
      "incr_op_margin_yoy": 0.17449890517096175,
      "rev_growth_yoy": 0.10861491739997439,
      "rev_growth_yoy_accel": -0.0021044813115503047,
      "fcf_margin_change": 0.06724360420945218
    },
    {
      "date": "2023-09-23T00:00:00",
      "quarter_label": "2023-09 (Q3)",
      "revenue": 62804000,
      "gross_profit": 20125000,
      "operating_income": 1643000,
      "net_income": 460000,
      "opex": 18482000,
      "cogs": 42679000,
      "rd": null,
      "sga": null,
      "fcf": 5759000,
      "ocf": 8436000,
      "capex": -2677000,
      "gross_margin": 0.3204413731609452,
      "op_margin": 0.026160754092096044,
      "fcf_margin": 0.09169798102031718,
      "incr_op_margin_yoy": -0.3115475255302435,
      "rev_growth_yoy": 0.11277662609188682,
      "rev_growth_yoy_accel": 0.00416170869191243,
      "op_leverage_ratio": 0.11609294036106801,
      "fcf_margin_change": 0.012999014057711145
    },
    {
      "date": "2023-12-23T00:00:00",
      "quarter_label": "2023-12 (Q4)",
      "revenue": 65166000,
      "gross_profit": 20936000,
      "operating_income": 4294000,
      "net_income": 3348000,
      "opex": 16642000,
      "cogs": 44230000,
      "rd": null,
      "sga": null,
      "fcf": 7262000,
      "ocf": 10917000,
      "capex": -3655000,
      "gross_margin": 0.3212718288678145,
      "op_margin": 0.0658932572200227,
      "fcf_margin": 0.11143848018905564,
      "incr_op_margin_yoy": 0.14567233384853168,
      "rev_growth_yoy": 0.13525661126790006,
      "rev_growth_yoy_accel": 0.02247998517601324,
      "op_leverage_ratio": null,
      "fcf_margin_change": 0.019740499168738462
    },
    {
      "date": "2024-03-30T00:00:00",
      "quarter_label": "2024-03 (Q1)",
      "revenue": 70913000,
      "gross_profit": 24035000,
      "operating_income": 9204000,
      "net_income": 6890000,
      "opex": 14831000,
      "cogs": 46878000,
      "rd": null,
      "sga": null,
      "fcf": 1546000,
      "ocf": 5727000,
      "capex": -4181000,
      "gross_margin": 0.33893644324735944,
      "op_margin": 0.12979284475343025,
      "fcf_margin": 0.021801362232594868,
      "incr_op_margin_yoy": 0.37858919285552795,
      "rev_growth_yoy": 0.14252340212995634,
      "rev_growth_yoy_accel": 0.007266790862056283,
      "op_leverage_ratio": null,
      "fcf_margin_change": -0.08963711795646077
    },
    {
      "date": "2024-06-29T00:00:00",
      "quarter_label": "2024-06 (Q2)",
      "revenue": 66707000,
      "gross_profit": 22655000,
      "operating_income": 5099000,
      "net_income": 4408000,
      "opex": 17556000,
      "cogs": 44052000,
      "rd": null,
      "sga": null,
      "fcf": 5250000,
      "ocf": 8924000,
      "capex": -3674000,
      "gross_margin": 0.3396195301842385,
      "op_margin": 0.07643875455349514,
      "fcf_margin": 0.0787023850570405,
      "incr_op_margin_yoy": 0.07513504665247994,
      "rev_growth_yoy": 0.10081190798376184,
      "rev_growth_yoy_accel": -0.0417114941461945,
      "fcf_margin_change": 0.05690102282444563
    },
    {
      "date": "2024-09-28T00:00:00",
      "quarter_label": "2024-09 (Q3)",
      "revenue": 67826000,
      "gross_profit": 21206000,
      "operating_income": 3735000,
      "net_income": 3286000,
      "opex": 17471000,
      "cogs": 46620000,
      "rd": null,
      "sga": null,
      "fcf": 2876000,
      "ocf": 6835000,
      "capex": -3959000,
      "gross_margin": 0.31265296493969863,
      "op_margin": 0.05506737829151063,
      "fcf_margin": 0.042402618464895465,
      "incr_op_margin_yoy": 0.41656710473914776,
      "rev_growth_yoy": 0.07996305967772753,
      "rev_growth_yoy_accel": -0.020848848306034312,
      "op_leverage_ratio": null,
      "fcf_margin_change": -0.03629976659214503
    },
    {
      "date": "2024-12-28T00:00:00",
      "quarter_label": "2024-12 (Q4)",
      "revenue": 66754000,
      "gross_profit": 19679000,
      "operating_income": 2100000,
      "net_income": 2357000,
      "opex": 17579000,
      "cogs": 47075000,
      "rd": null,
      "sga": null,
      "fcf": 9729000,
      "ocf": 12598000,
      "capex": -2869000,
      "gross_margin": 0.2947988135542439,
      "op_margin": 0.03145878898642778,
      "fcf_margin": 0.14574407526140756,
      "incr_op_margin_yoy": -1.3816120906801008,
      "rev_growth_yoy": 0.024368535739496055,
      "rev_growth_yoy_accel": -0.05559452393823147,
      "fcf_margin_change": 0.1033414567965121
    },
    {
      "date": "2025-03-29T00:00:00",
      "quarter_label": "2025-03 (Q1)",
      "revenue": 77134000,
      "gross_profit": 25913000,
      "operating_income": 6940000,
      "net_income": 4464000,
      "opex": 18973000,
      "cogs": 51221000,
      "rd": null,
      "sga": null,
      "fcf": 7933000,
      "ocf": 10628000,
      "capex": -2695000,
      "gross_margin": 0.3359478310472684,
      "op_margin": 0.08997329322996345,
      "fcf_margin": 0.10284699354370316,
      "incr_op_margin_yoy": -0.3639286288378074,
      "rev_growth_yoy": 0.08772721503814533,
      "rev_growth_yoy_accel": 0.06335867929864927,
      "op_leverage_ratio": 1.960881961989908,
      "fcf_margin_change": -0.0428970817177044
    },
    {
      "date": "2025-06-28T00:00:00",
      "quarter_label": "2025-06 (Q2)",
      "revenue": 76424000,
      "gross_profit": 25821000,
      "operating_income": 5338000,
      "net_income": 3261000,
      "opex": 20483000,
      "cogs": 50603000,
      "rd": null,
      "sga": null,
      "fcf": -975000,
      "ocf": 3623000,
      "capex": -4598000,
      "gross_margin": 0.3378650685648487,
      "op_margin": 0.06984716842876583,
      "fcf_margin": -0.012757772427509683,
      "incr_op_margin_yoy": 0.024596068745497583,
      "rev_growth_yoy": 0.14566687154271665,
      "rev_growth_yoy_accel": 0.05793965650457132,
      "fcf_margin_change": -0.11560476597121284
    },
    {
      "date": "2025-09-27T00:00:00",
      "quarter_label": "2025-09 (Q3)",
      "revenue": 82272000,
      "gross_profit": 26762000,
      "operating_income": 3505000,
      "net_income": 1269000,
      "opex": 23257000,
      "cogs": 55510000,
      "rd": null,
      "sga": null,
      "fcf": 8449000,
      "ocf": 12881000,
      "capex": -4432000,
      "gross_margin": 0.3252868533644496,
      "op_margin": 0.042602586542201476,
      "fcf_margin": 0.1026959354336834,
      "incr_op_margin_yoy": -0.015921362314827634,
      "rev_growth_yoy": 0.2129861704950904,
      "rev_growth_yoy_accel": 0.06731929895237374,
      "op_leverage_ratio": 0.5650211535673442,
      "fcf_margin_change": 0.11545370786119308
    },
    {
      "date": "2025-09-30T00:00:00",
      "quarter_label": "2025-09 (Q3)",
      "revenue": 82272000,
      "gross_profit": null,
      "operating_income": null,
      "net_income": null,
      "opex": null,
      "cogs": null,
      "rd": null,
      "sga": null,
      "fcf": null,
      "ocf": null,
      "capex": null,
      "gross_margin": null,
      "op_margin": null,
      "fcf_margin": null,
      "rev_growth_yoy": 0.2129861704950904,
      "rev_growth_yoy_accel": 0.0
    },
    {
      "date": "2025-12-27T00:00:00",
      "quarter_label": "2025-12 (Q4)",
      "revenue": 83856000,
      "gross_profit": 25253000,
      "operating_income": 88000,
      "net_income": -1101000,
      "opex": 25165000,
      "cogs": 58603000,
      "rd": null,
      "sga": null,
      "fcf": 9466000,
      "ocf": 12145000,
      "capex": -2679000,
      "gross_margin": 0.3011472047319214,
      "op_margin": 0.0010494180499904598,
      "fcf_margin": 0.1128839916046556,
      "incr_op_margin_yoy": -0.11764705882352941,
      "rev_growth_yoy": 0.2561943853551847,
      "rev_growth_yoy_accel": 0.043208214860094296
    }
  ],
  "signals": [
    {
      "quarter": "2025-09 (Q3)",
      "signal": "FCF TURNED POSITIVE",
      "detail": "FCF margin: -1.3% -> +10.3%",
      "severity": "HIGH"
    },
    {
      "quarter": "2025-09 (Q3)",
      "signal": "YoY REVENUE GROWTH ACCELERATION",
      "detail": "YoY growth: +21.3% vs prior quarter YoY: +14.6% (accel: +6.7%)",
      "severity": "MEDIUM"
    },
    {
      "quarter": "2025-06 (Q2)",
      "signal": "YoY REVENUE GROWTH ACCELERATION",
      "detail": "YoY growth: +14.6% vs prior quarter YoY: +8.8% (accel: +5.8%)",
      "severity": "MEDIUM"
    },
    {
      "quarter": "2025-03 (Q1)",
      "signal": "OPERATING LEVERAGE",
      "detail": "Rev growth +15.5% vs OpEx growth +7.9% (leverage: 2.0x)",
      "severity": "MEDIUM"
    },
    {
      "quarter": "2025-03 (Q1)",
      "signal": "GROSS MARGIN INFLECTION",
      "detail": "GM: +31.3% -> +29.5% -> +33.6% (reversal +4.1%)",
      "severity": "MEDIUM"
    },
    {
      "quarter": "2025-03 (Q1)",
      "signal": "YoY REVENUE GROWTH ACCELERATION",
      "detail": "YoY growth: +8.8% vs prior quarter YoY: +2.4% (accel: +6.3%)",
      "severity": "MEDIUM"
    },
    {
      "quarter": "2024-12 (Q4)",
      "signal": "FCF MARGIN EXPANSION",
      "detail": "FCF margin: +4.2% -> +14.6% (+10.3%)",
      "severity": "MEDIUM"
    },
    {
      "quarter": "2024-12 (Q4)",
      "signal": "YoY REVENUE GROWTH DECELERATION",
      "detail": "YoY growth: +2.4% vs prior quarter YoY: +8.0% (decel: -5.6%)",
      "severity": "WARNING"
    },
    {
      "quarter": "2024-09 (Q3)",
      "signal": "INCREMENTAL MARGIN (YoY)",
      "detail": "YoY Incr OPM: +41.7% vs year-ago OPM: +2.6%",
      "severity": "HIGH"
    },
    {
      "quarter": "2024-06 (Q2)",
      "signal": "FCF MARGIN EXPANSION",
      "detail": "FCF margin: +2.2% -> +7.9% (+5.7%)",
      "severity": "MEDIUM"
    },
    {
      "quarter": "2024-03 (Q1)",
      "signal": "INCREMENTAL MARGIN (YoY)",
      "detail": "YoY Incr OPM: +37.9% vs year-ago OPM: +9.4%",
      "severity": "HIGH"
    },
    {
      "quarter": "2023-06 (Q2)",
      "signal": "FCF MARGIN EXPANSION",
      "detail": "FCF margin: +1.1% -> +7.9% (+6.7%)",
      "severity": "MEDIUM"
    },
    {
      "quarter": "2023-06 (Q2)",
      "signal": "INCREMENTAL MARGIN (YoY)",
      "detail": "YoY Incr OPM: +17.4% vs year-ago OPM: +6.6%",
      "severity": "MEDIUM"
    },
    {
      "quarter": "2023-03 (Q1)",
      "signal": "OPERATING LEVERAGE",
      "detail": "Rev growth +8.1% vs OpEx growth +0.4% (leverage: 18.5x)",
      "severity": "MEDIUM"
    },
    {
      "quarter": "2023-03 (Q1)",
      "signal": "GROSS MARGIN INFLECTION",
      "detail": "GM: +29.7% -> +28.6% -> +30.9% (reversal +2.3%)",
      "severity": "MEDIUM"
    },
    {
      "quarter": "2023-03 (Q1)",
      "signal": "INCREMENTAL MARGIN (YoY)",
      "detail": "YoY Incr OPM: +21.7% vs year-ago OPM: +8.1%",
      "severity": "MEDIUM"
    },
    {
      "quarter": "2022-12 (Q4)",
      "signal": "FCF MARGIN EXPANSION",
      "detail": "FCF margin: +1.5% -> +11.1% (+9.6%)",
      "severity": "MEDIUM"
    },
    {
      "quarter": "2022-12 (Q4)",
      "signal": "OPERATING LEVERAGE",
      "detail": "Rev growth +1.7% vs OpEx growth +0.7% (leverage: 2.3x)",
      "severity": "MEDIUM"
    },
    {
      "quarter": "2022-09 (Q3)",
      "signal": "FCF TURNED POSITIVE",
      "detail": "FCF margin: -0.7% -> +1.5%",
      "severity": "HIGH"
    },
    {
      "quarter": "2022-03 (Q1)",
      "signal": "GROSS MARGIN INFLECTION",
      "detail": "GM: +29.0% -> +26.8% -> +29.8% (reversal +3.0%)",
      "severity": "MEDIUM"
    }
  ],
  "data_quality": {
    "n_quarters": 20,
    "coverage": {
      "revenue": [
        20,
        20
      ],
      "gross_profit": [
        19,
        20
      ],
      "op_income": [
        19,
        20
      ],
      "fcf": [
        19,
        20
      ]
    },
    "gaps": [],
    "warnings": []
  },
  "market_cap": null,
  "source": "SEC EDGAR",
  "last_updated": "2026-02-04T13:47:55.744742"
}