{
  "ticker": "TROW",
  "name": "PRICE T ROWE GROUP INC",
  "sector": "Financial Services",
  "industry": "Asset Management",
  "quarters": [
    {
      "date": "2021-03-31T00:00:00",
      "quarter_label": "2021-03 (Q1)",
      "revenue": 1826800000,
      "gross_profit": null,
      "operating_income": 893200000,
      "net_income": 749400000,
      "opex": 933600000,
      "cogs": null,
      "rd": null,
      "sga": null,
      "fcf": 935900000,
      "ocf": 994700000,
      "capex": -58800000,
      "gross_margin": null,
      "op_margin": 0.48894241296255747,
      "fcf_margin": 0.5123166192248741
    },
    {
      "date": "2021-06-30T00:00:00",
      "quarter_label": "2021-06 (Q2)",
      "revenue": 1929300000,
      "gross_profit": null,
      "operating_income": 958100000,
      "net_income": 815700000,
      "opex": 971200000,
      "cogs": null,
      "rd": null,
      "sga": null,
      "fcf": 744300000,
      "ocf": 807300000,
      "capex": -63000000,
      "gross_margin": null,
      "op_margin": 0.49660498626444827,
      "fcf_margin": 0.38578759135437724,
      "op_leverage_ratio": 1.3931756029611133,
      "fcf_margin_change": -0.1265290278704969
    },
    {
      "date": "2021-09-30T00:00:00",
      "quarter_label": "2021-09 (Q3)",
      "revenue": 1954100000,
      "gross_profit": null,
      "operating_income": 996200000,
      "net_income": 777200000,
      "opex": 957900000,
      "cogs": null,
      "rd": null,
      "sga": null,
      "fcf": 1231800000,
      "ocf": 1288700000,
      "capex": -56900000,
      "gross_margin": null,
      "op_margin": 0.5097999078859833,
      "fcf_margin": 0.6303669208331201,
      "op_leverage_ratio": null,
      "fcf_margin_change": 0.24457932947874284
    },
    {
      "date": "2021-12-31T00:00:00",
      "quarter_label": "2021-12 (Q4)",
      "revenue": 1961700000,
      "gross_profit": null,
      "operating_income": 862500000,
      "net_income": 740600000,
      "opex": 1099200000,
      "cogs": null,
      "rd": null,
      "sga": null,
      "fcf": 300900000,
      "ocf": 361300000,
      "capex": -60400000,
      "gross_margin": null,
      "op_margin": 0.4396696742621196,
      "fcf_margin": 0.15338736809909773,
      "fcf_margin_change": -0.47697955273402237
    },
    {
      "date": "2022-03-31T00:00:00",
      "quarter_label": "2022-03 (Q1)",
      "revenue": 1863000000,
      "gross_profit": null,
      "operating_income": 877400000,
      "net_income": 567900000,
      "opex": 985600000,
      "cogs": null,
      "rd": null,
      "sga": null,
      "fcf": 1048500000,
      "ocf": 1103400000,
      "capex": -54900000,
      "gross_margin": null,
      "op_margin": 0.47096081588835215,
      "fcf_margin": 0.5628019323671497,
      "incr_op_margin_yoy": -0.43646408839779005,
      "rev_growth_yoy": 0.019816071819575214,
      "fcf_margin_change": 0.409414564268052
    },
    {
      "date": "2022-06-30T00:00:00",
      "quarter_label": "2022-06 (Q2)",
      "revenue": 1513000000,
      "gross_profit": null,
      "operating_income": 668600000,
      "net_income": 339600000,
      "opex": 844400000,
      "cogs": null,
      "rd": null,
      "sga": null,
      "fcf": 555700000,
      "ocf": 623600000,
      "capex": -67900000,
      "gross_margin": null,
      "op_margin": 0.44190350297422337,
      "fcf_margin": 0.36728354263053536,
      "incr_op_margin_yoy": 0.6954119625270238,
      "rev_growth_yoy": -0.21577774322293058,
      "rev_growth_yoy_accel": -0.2355938150425058,
      "fcf_margin_change": -0.19551838973661434
    },
    {
      "date": "2022-09-30T00:00:00",
      "quarter_label": "2022-09 (Q3)",
      "revenue": 1588200000,
      "gross_profit": null,
      "operating_income": 574600000,
      "net_income": 384400000,
      "opex": 1013600000,
      "cogs": null,
      "rd": null,
      "sga": null,
      "fcf": 713200000,
      "ocf": 767600000,
      "capex": -54400000,
      "gross_margin": null,
      "op_margin": 0.3617932250346304,
      "fcf_margin": 0.44906183100365193,
      "incr_op_margin_yoy": 1.1522273845312927,
      "rev_growth_yoy": -0.1872473261347935,
      "rev_growth_yoy_accel": 0.028530417088137083,
      "op_leverage_ratio": 0.24804288756701184,
      "fcf_margin_change": 0.08177828837311657
    },
    {
      "date": "2022-12-31T00:00:00",
      "quarter_label": "2022-12 (Q4)",
      "revenue": 1524200000,
      "gross_profit": null,
      "operating_income": 253100000,
      "net_income": 266000000,
      "opex": 1271100000,
      "cogs": null,
      "rd": null,
      "sga": null,
      "fcf": -195600000,
      "ocf": -135200000,
      "capex": -60400000,
      "gross_margin": null,
      "op_margin": 0.16605432357958272,
      "fcf_margin": -0.1283296155360189,
      "incr_op_margin_yoy": 1.3929142857142858,
      "rev_growth_yoy": -0.223020849263394,
      "rev_growth_yoy_accel": -0.03577352312860049,
      "fcf_margin_change": -0.5773914465396708
    },
    {
      "date": "2023-03-31T00:00:00",
      "quarter_label": "2023-03 (Q1)",
      "revenue": 1537600000,
      "gross_profit": null,
      "operating_income": 484200000,
      "net_income": 421500000,
      "opex": 1053400000,
      "cogs": null,
      "rd": null,
      "sga": null,
      "fcf": 451000000,
      "ocf": 511700000,
      "capex": -60700000,
      "gross_margin": null,
      "op_margin": 0.3149063475546306,
      "fcf_margin": 0.2933142559833507,
      "incr_op_margin_yoy": 1.208358942839582,
      "rev_growth_yoy": -0.1746645195920558,
      "rev_growth_yoy_accel": 0.04835632967133818,
      "fcf_margin_change": 0.4216438715193696
    },
    {
      "date": "2023-06-30T00:00:00",
      "quarter_label": "2023-06 (Q2)",
      "revenue": 1610200000,
      "gross_profit": null,
      "operating_income": 533500000,
      "net_income": 476400000,
      "opex": 1076700000,
      "cogs": null,
      "rd": null,
      "sga": null,
      "fcf": 323100000,
      "ocf": 394800000,
      "capex": -71700000,
      "gross_margin": null,
      "op_margin": 0.3313253012048193,
      "fcf_margin": 0.20065830331635823,
      "incr_op_margin_yoy": -1.389917695473251,
      "rev_growth_yoy": 0.06424322538003965,
      "rev_growth_yoy_accel": 0.23890774497209546,
      "op_leverage_ratio": 2.1346694921688334,
      "fcf_margin_change": -0.09265595266699247
    },
    {
      "date": "2023-09-30T00:00:00",
      "quarter_label": "2023-09 (Q3)",
      "revenue": 1670700000,
      "gross_profit": null,
      "operating_income": 581300000,
      "net_income": 453200000,
      "opex": 1089400000,
      "cogs": null,
      "rd": null,
      "sga": null,
      "fcf": 376400000,
      "ocf": 470000000,
      "capex": -93600000,
      "gross_margin": null,
      "op_margin": 0.347937990064045,
      "fcf_margin": 0.22529478661638835,
      "incr_op_margin_yoy": 0.08121212121212121,
      "rev_growth_yoy": 0.05194559879108425,
      "rev_growth_yoy_accel": -0.012297626588955404,
      "op_leverage_ratio": 3.1854188407171997,
      "fcf_margin_change": 0.024636483300030126
    },
    {
      "date": "2023-12-31T00:00:00",
      "quarter_label": "2023-12 (Q4)",
      "revenue": 1642000000,
      "gross_profit": null,
      "operating_income": 387200000,
      "net_income": 437600000,
      "opex": 1254800000,
      "cogs": null,
      "rd": null,
      "sga": null,
      "fcf": -239300000,
      "ocf": -157400000,
      "capex": -81900000,
      "gross_margin": null,
      "op_margin": 0.23580998781973203,
      "fcf_margin": -0.14573690621193666,
      "incr_op_margin_yoy": 1.1383701188455009,
      "rev_growth_yoy": 0.07728644534837947,
      "rev_growth_yoy_accel": 0.025340846557295224,
      "fcf_margin_change": -0.37103169282832504
    },
    {
      "date": "2024-03-31T00:00:00",
      "quarter_label": "2024-03 (Q1)",
      "revenue": 1750200000,
      "gross_profit": null,
      "operating_income": 586600000,
      "net_income": 573800000,
      "opex": 1163600000,
      "cogs": null,
      "rd": null,
      "sga": null,
      "fcf": 534800000,
      "ocf": 637300000,
      "capex": -102500000,
      "gross_margin": null,
      "op_margin": 0.3351616958061936,
      "fcf_margin": 0.3055650782767684,
      "incr_op_margin_yoy": 0.4816556914393227,
      "rev_growth_yoy": 0.13826742976066597,
      "rev_growth_yoy_accel": 0.0609809844122865,
      "op_leverage_ratio": null,
      "fcf_margin_change": 0.45130198448870507
    },
    {
      "date": "2024-06-30T00:00:00",
      "quarter_label": "2024-06 (Q2)",
      "revenue": 1733300000,
      "gross_profit": null,
      "operating_income": 564700000,
      "net_income": 483400000,
      "opex": 1168600000,
      "cogs": null,
      "rd": null,
      "sga": null,
      "fcf": 574400000,
      "ocf": 677700000,
      "capex": -103300000,
      "gross_margin": null,
      "op_margin": 0.32579472682166966,
      "fcf_margin": 0.3313909882882363,
      "incr_op_margin_yoy": 0.25345247766043866,
      "rev_growth_yoy": 0.07645013041858155,
      "rev_growth_yoy_accel": -0.06181729934208442,
      "fcf_margin_change": 0.025825910011467945
    },
    {
      "date": "2024-09-30T00:00:00",
      "quarter_label": "2024-09 (Q3)",
      "revenue": 1785600000,
      "gross_profit": null,
      "operating_income": 613600000,
      "net_income": 603000000,
      "opex": 1172000000,
      "cogs": null,
      "rd": null,
      "sga": null,
      "fcf": 547900000,
      "ocf": 652500000,
      "capex": -104600000,
      "gross_margin": null,
      "op_margin": 0.34363799283154123,
      "fcf_margin": 0.30684363799283154,
      "incr_op_margin_yoy": 0.28111401218450827,
      "rev_growth_yoy": 0.06877356796552343,
      "rev_growth_yoy_accel": -0.007676562453058117,
      "op_leverage_ratio": 10.370863466831375,
      "fcf_margin_change": -0.02454735029540478
    },
    {
      "date": "2024-12-31T00:00:00",
      "quarter_label": "2024-12 (Q4)",
      "revenue": 1824500000,
      "gross_profit": null,
      "operating_income": 568400000,
      "net_income": 439900000,
      "opex": 1256100000,
      "cogs": null,
      "rd": null,
      "sga": null,
      "fcf": -394900000,
      "ocf": -281900000,
      "capex": -113000000,
      "gross_margin": null,
      "op_margin": 0.31153740750890657,
      "fcf_margin": -0.21644286105782407,
      "incr_op_margin_yoy": 0.9928767123287672,
      "rev_growth_yoy": 0.11114494518879416,
      "rev_growth_yoy_accel": 0.04237137722327072,
      "op_leverage_ratio": 0.30359669534902556,
      "fcf_margin_change": -0.5232864990506556
    },
    {
      "date": "2025-03-31T00:00:00",
      "quarter_label": "2025-03 (Q1)",
      "revenue": 1763900000,
      "gross_profit": null,
      "operating_income": 596300000,
      "net_income": 490500000,
      "opex": 1167600000,
      "cogs": null,
      "rd": null,
      "sga": null,
      "fcf": 550900000,
      "ocf": 632900000,
      "capex": -82000000,
      "gross_margin": null,
      "op_margin": 0.33805771302228016,
      "fcf_margin": 0.31231929247689777,
      "incr_op_margin_yoy": 0.708029197080292,
      "rev_growth_yoy": 0.007827676836932923,
      "rev_growth_yoy_accel": -0.10331726835186124,
      "fcf_margin_change": 0.5287621535347218
    },
    {
      "date": "2025-06-30T00:00:00",
      "quarter_label": "2025-06 (Q2)",
      "revenue": 1723300000,
      "gross_profit": null,
      "operating_income": 478300000,
      "net_income": 505200000,
      "opex": 1245000000,
      "cogs": null,
      "rd": null,
      "sga": null,
      "fcf": 467700000,
      "ocf": 529900000,
      "capex": -62200000,
      "gross_margin": null,
      "op_margin": 0.27754888875993733,
      "fcf_margin": 0.27139789937909825,
      "incr_op_margin_yoy": 8.64,
      "rev_growth_yoy": -0.005769341718109964,
      "rev_growth_yoy_accel": -0.013597018555042886,
      "fcf_margin_change": -0.04092139309779952
    },
    {
      "date": "2025-09-30T00:00:00",
      "quarter_label": "2025-09 (Q3)",
      "revenue": 1893500000,
      "gross_profit": null,
      "operating_income": 643200000,
      "net_income": 646100000,
      "opex": 1250300000,
      "cogs": null,
      "rd": null,
      "sga": null,
      "fcf": 546000000,
      "ocf": 609300000,
      "capex": -63300000,
      "gross_margin": null,
      "op_margin": 0.33968840771058884,
      "fcf_margin": 0.28835489833641403,
      "incr_op_margin_yoy": 0.2743280815569972,
      "rev_growth_yoy": 0.060427867383512544,
      "rev_growth_yoy_accel": 0.06619720910162251,
      "op_leverage_ratio": 23.200222477935597,
      "fcf_margin_change": 0.016956998957315783
    },
    {
      "date": "2025-12-31T00:00:00",
      "quarter_label": "2025-12 (Q4)",
      "revenue": 1934100000,
      "gross_profit": null,
      "operating_income": 471000000,
      "net_income": 445300000,
      "opex": 1463100000,
      "cogs": null,
      "rd": null,
      "sga": null,
      "fcf": -85400000,
      "ocf": -18700000,
      "capex": -66700000,
      "gross_margin": null,
      "op_margin": 0.2435241197456181,
      "fcf_margin": -0.04415490408975751,
      "incr_op_margin_yoy": -0.8886861313868614,
      "rev_growth_yoy": 0.06007125239791724,
      "rev_growth_yoy_accel": -0.0003566149855953049,
      "op_leverage_ratio": 0.12598050116047976,
      "fcf_margin_change": -0.33250980242617156
    }
  ],
  "signals": [
    {
      "quarter": "2025-09 (Q3)",
      "signal": "OPERATING LEVERAGE",
      "detail": "Rev growth +9.9% vs OpEx growth +0.4% (leverage: 23.2x)",
      "severity": "MEDIUM"
    },
    {
      "quarter": "2025-09 (Q3)",
      "signal": "YoY REVENUE GROWTH ACCELERATION",
      "detail": "YoY growth: +6.0% vs prior quarter YoY: -0.6% (accel: +6.6%)",
      "severity": "MEDIUM"
    },
    {
      "quarter": "2025-06 (Q2)",
      "signal": "INCREMENTAL MARGIN (YoY)",
      "detail": "YoY Incr OPM: +864.0% vs year-ago OPM: +32.6%",
      "severity": "HIGH"
    },
    {
      "quarter": "2025-03 (Q1)",
      "signal": "FCF TURNED POSITIVE",
      "detail": "FCF margin: -21.6% -> +31.2%",
      "severity": "HIGH"
    },
    {
      "quarter": "2025-03 (Q1)",
      "signal": "YoY REVENUE GROWTH DECELERATION",
      "detail": "YoY growth: +0.8% vs prior quarter YoY: +11.1% (decel: -10.3%)",
      "severity": "WARNING"
    },
    {
      "quarter": "2025-03 (Q1)",
      "signal": "INCREMENTAL MARGIN (YoY)",
      "detail": "YoY Incr OPM: +70.8% vs year-ago OPM: +33.5%",
      "severity": "HIGH"
    },
    {
      "quarter": "2024-12 (Q4)",
      "signal": "INCREMENTAL MARGIN (YoY)",
      "detail": "YoY Incr OPM: +99.3% vs year-ago OPM: +23.6%",
      "severity": "HIGH"
    },
    {
      "quarter": "2024-09 (Q3)",
      "signal": "OPERATING LEVERAGE",
      "detail": "Rev growth +3.0% vs OpEx growth +0.3% (leverage: 10.4x)",
      "severity": "MEDIUM"
    },
    {
      "quarter": "2024-06 (Q2)",
      "signal": "YoY REVENUE GROWTH DECELERATION",
      "detail": "YoY growth: +7.6% vs prior quarter YoY: +13.8% (decel: -6.2%)",
      "severity": "WARNING"
    },
    {
      "quarter": "2024-03 (Q1)",
      "signal": "FCF TURNED POSITIVE",
      "detail": "FCF margin: -14.6% -> +30.6%",
      "severity": "HIGH"
    },
    {
      "quarter": "2024-03 (Q1)",
      "signal": "YoY REVENUE GROWTH ACCELERATION",
      "detail": "YoY growth: +13.8% vs prior quarter YoY: +7.7% (accel: +6.1%)",
      "severity": "MEDIUM"
    },
    {
      "quarter": "2024-03 (Q1)",
      "signal": "INCREMENTAL MARGIN (YoY)",
      "detail": "YoY Incr OPM: +48.2% vs year-ago OPM: +31.5%",
      "severity": "MEDIUM"
    },
    {
      "quarter": "2023-12 (Q4)",
      "signal": "INCREMENTAL MARGIN (YoY)",
      "detail": "YoY Incr OPM: +113.8% vs year-ago OPM: +16.6%",
      "severity": "HIGH"
    },
    {
      "quarter": "2023-09 (Q3)",
      "signal": "OPERATING LEVERAGE",
      "detail": "Rev growth +3.8% vs OpEx growth +1.2% (leverage: 3.2x)",
      "severity": "MEDIUM"
    },
    {
      "quarter": "2023-06 (Q2)",
      "signal": "OPERATING LEVERAGE",
      "detail": "Rev growth +4.7% vs OpEx growth +2.2% (leverage: 2.1x)",
      "severity": "MEDIUM"
    },
    {
      "quarter": "2023-06 (Q2)",
      "signal": "YoY REVENUE GROWTH ACCELERATION",
      "detail": "YoY growth: +6.4% vs prior quarter YoY: -17.5% (accel: +23.9%)",
      "severity": "HIGH"
    },
    {
      "quarter": "2023-03 (Q1)",
      "signal": "FCF TURNED POSITIVE",
      "detail": "FCF margin: -12.8% -> +29.3%",
      "severity": "HIGH"
    },
    {
      "quarter": "2023-03 (Q1)",
      "signal": "INCREMENTAL MARGIN (YoY)",
      "detail": "YoY Incr OPM: +120.8% vs year-ago OPM: +47.1%",
      "severity": "HIGH"
    },
    {
      "quarter": "2022-12 (Q4)",
      "signal": "INCREMENTAL MARGIN (YoY)",
      "detail": "YoY Incr OPM: +139.3% vs year-ago OPM: +44.0%",
      "severity": "HIGH"
    },
    {
      "quarter": "2022-09 (Q3)",
      "signal": "FCF MARGIN EXPANSION",
      "detail": "FCF margin: +36.7% -> +44.9% (+8.2%)",
      "severity": "MEDIUM"
    },
    {
      "quarter": "2022-09 (Q3)",
      "signal": "INCREMENTAL MARGIN (YoY)",
      "detail": "YoY Incr OPM: +115.2% vs year-ago OPM: +51.0%",
      "severity": "HIGH"
    },
    {
      "quarter": "2022-06 (Q2)",
      "signal": "YoY REVENUE GROWTH DECELERATION",
      "detail": "YoY growth: -21.6% vs prior quarter YoY: +2.0% (decel: -23.6%)",
      "severity": "WARNING"
    },
    {
      "quarter": "2022-06 (Q2)",
      "signal": "INCREMENTAL MARGIN (YoY)",
      "detail": "YoY Incr OPM: +69.5% vs year-ago OPM: +49.7%",
      "severity": "MEDIUM"
    },
    {
      "quarter": "2022-03 (Q1)",
      "signal": "FCF MARGIN EXPANSION",
      "detail": "FCF margin: +15.3% -> +56.3% (+40.9%)",
      "severity": "MEDIUM"
    },
    {
      "quarter": "2021-09 (Q3)",
      "signal": "FCF MARGIN EXPANSION",
      "detail": "FCF margin: +38.6% -> +63.0% (+24.5%)",
      "severity": "MEDIUM"
    }
  ],
  "data_quality": {
    "n_quarters": 20,
    "coverage": {
      "revenue": [
        20,
        20
      ],
      "gross_profit": [
        0,
        20
      ],
      "op_income": [
        20,
        20
      ],
      "fcf": [
        20,
        20
      ]
    },
    "gaps": [],
    "warnings": [
      "gross_profit: no data"
    ]
  },
  "market_cap": null,
  "source": "SEC EDGAR",
  "last_updated": "2026-02-24T10:46:27.133094"
}