{
  "ticker": "TRS",
  "name": "TRIMAS CORPORATION",
  "quarters": [
    {
      "date": "2020-12-31T00:00:00",
      "quarter_label": "2020-12 (Q4)",
      "revenue": 188170000,
      "gross_profit": 46550000,
      "operating_income": 18350000,
      "net_income": 23690000,
      "opex": 28200000,
      "cogs": 141620000,
      "rd": null,
      "sga": 26910000,
      "fcf": 48300000,
      "ocf": 48300000,
      "capex": null,
      "gross_margin": 0.24738268586916087,
      "op_margin": 0.09751820162618909,
      "fcf_margin": 0.2566827868416857
    },
    {
      "date": "2021-03-31T00:00:00",
      "quarter_label": "2021-03 (Q1)",
      "revenue": 206730000,
      "gross_profit": 51330000,
      "operating_income": 21110000,
      "net_income": 13060000,
      "opex": 30220000,
      "cogs": 155400000,
      "rd": null,
      "sga": 30220000,
      "fcf": 15740000,
      "ocf": 15740000,
      "capex": null,
      "gross_margin": 0.24829487737628791,
      "op_margin": 0.10211386833067286,
      "fcf_margin": 0.07613795772263339,
      "op_leverage_ratio": 1.3769726869057208,
      "fcf_margin_change": -0.18054482911905234
    },
    {
      "date": "2021-06-30T00:00:00",
      "quarter_label": "2021-06 (Q2)",
      "revenue": 218990000,
      "gross_profit": 58030000,
      "operating_income": 25570000,
      "net_income": 11840000,
      "opex": 32460000,
      "cogs": 160960000,
      "rd": null,
      "sga": 32460000,
      "fcf": 26930000,
      "ocf": 26930000,
      "capex": null,
      "gross_margin": 0.26498926891638885,
      "op_margin": 0.11676332252614274,
      "fcf_margin": 0.12297365176492077,
      "op_leverage_ratio": 0.8000799870085895,
      "fcf_margin_change": 0.04683569404228738
    },
    {
      "date": "2021-09-30T00:00:00",
      "quarter_label": "2021-09 (Q3)",
      "revenue": 222420000,
      "gross_profit": 58440000,
      "operating_income": 30820000,
      "net_income": 19590000,
      "opex": 27620000,
      "cogs": 163980000,
      "rd": null,
      "sga": 27620000,
      "fcf": 35070000,
      "ocf": 35070000,
      "capex": null,
      "gross_margin": 0.26274615592123013,
      "op_margin": 0.1385666756586638,
      "fcf_margin": 0.15767466954410575,
      "op_leverage_ratio": Infinity,
      "fcf_margin_change": 0.03470101777918498
    },
    {
      "date": "2021-12-31T00:00:00",
      "quarter_label": "2021-12 (Q4)",
      "revenue": 208970000,
      "gross_profit": 49390000,
      "operating_income": 17590000,
      "net_income": 12820000,
      "opex": 31800000,
      "cogs": 159580000,
      "rd": null,
      "sga": 31670000,
      "fcf": 56480000,
      "ocf": 56480000,
      "capex": null,
      "gross_margin": 0.23634971527013446,
      "op_margin": 0.08417476192754941,
      "fcf_margin": 0.27027803033928316,
      "incr_op_margin_yoy": -0.03653846153846154,
      "rev_growth_yoy": 0.11053834298772387,
      "fcf_margin_change": 0.11260336079517741
    },
    {
      "date": "2022-03-31T00:00:00",
      "quarter_label": "2022-03 (Q1)",
      "revenue": 224310000,
      "gross_profit": 53710000,
      "operating_income": 21930000,
      "net_income": 14170000,
      "opex": 31780000,
      "cogs": 170600000,
      "rd": null,
      "sga": 31780000,
      "fcf": 5670000,
      "ocf": 5670000,
      "capex": null,
      "gross_margin": 0.2394454103695778,
      "op_margin": 0.09776648388391065,
      "fcf_margin": 0.0252775177210111,
      "incr_op_margin_yoy": 0.04664391353811149,
      "rev_growth_yoy": 0.08503845595704543,
      "rev_growth_yoy_accel": -0.025499887030678445,
      "op_leverage_ratio": Infinity,
      "fcf_margin_change": -0.24500051261827205
    },
    {
      "date": "2022-06-30T00:00:00",
      "quarter_label": "2022-06 (Q2)",
      "revenue": 237680000,
      "gross_profit": 60680000,
      "operating_income": 29870000,
      "net_income": 19860000,
      "opex": 30810000,
      "cogs": 177000000,
      "rd": null,
      "sga": 30810000,
      "fcf": 22020000,
      "ocf": 22020000,
      "capex": null,
      "gross_margin": 0.25530124537192866,
      "op_margin": 0.125673174015483,
      "fcf_margin": 0.0926455738808482,
      "incr_op_margin_yoy": 0.23006955591225253,
      "rev_growth_yoy": 0.08534636284761861,
      "rev_growth_yoy_accel": 0.0003079068905731813,
      "op_leverage_ratio": Infinity,
      "fcf_margin_change": 0.0673680561598371
    },
    {
      "date": "2022-09-30T00:00:00",
      "quarter_label": "2022-09 (Q3)",
      "revenue": 218530000,
      "gross_profit": 48330000,
      "operating_income": 20980000,
      "net_income": 13300000,
      "opex": 27350000,
      "cogs": 170200000,
      "rd": null,
      "sga": 32110000,
      "fcf": 18950000,
      "ocf": 18950000,
      "capex": null,
      "gross_margin": 0.2211595661922848,
      "op_margin": 0.09600512515444104,
      "fcf_margin": 0.08671578273005995,
      "incr_op_margin_yoy": 2.5295629820051415,
      "rev_growth_yoy": -0.01748943440338099,
      "rev_growth_yoy_accel": -0.1028357972509996,
      "fcf_margin_change": -0.005929791150788247
    },
    {
      "date": "2022-12-31T00:00:00",
      "quarter_label": "2022-12 (Q4)",
      "revenue": 203310000,
      "gross_profit": 45580000,
      "operating_income": 26280000,
      "net_income": 18840000,
      "opex": 19300000,
      "cogs": 157730000,
      "rd": null,
      "sga": 36710000,
      "fcf": 25930000,
      "ocf": 25930000,
      "capex": null,
      "gross_margin": 0.22418966110865182,
      "op_margin": 0.12926073483842407,
      "fcf_margin": 0.1275392258127982,
      "incr_op_margin_yoy": -1.5353356890459364,
      "rev_growth_yoy": -0.02708522754462363,
      "rev_growth_yoy_accel": -0.009595793141242641,
      "fcf_margin_change": 0.04082344308273825
    },
    {
      "date": "2023-03-31T00:00:00",
      "quarter_label": "2023-03 (Q1)",
      "revenue": 215460000,
      "gross_profit": 47690000,
      "operating_income": 9990000,
      "net_income": 4910000,
      "opex": 37700000,
      "cogs": 167770000,
      "rd": null,
      "sga": 37700000,
      "fcf": 9690000,
      "ocf": 9690000,
      "capex": null,
      "gross_margin": 0.22134038800705466,
      "op_margin": 0.046365914786967416,
      "fcf_margin": 0.04497354497354497,
      "incr_op_margin_yoy": 1.3491525423728814,
      "rev_growth_yoy": -0.039454326601578174,
      "rev_growth_yoy_accel": -0.012369099056954543,
      "op_leverage_ratio": 0.06268404642300364,
      "fcf_margin_change": -0.08256568083925322
    },
    {
      "date": "2023-06-30T00:00:00",
      "quarter_label": "2023-06 (Q2)",
      "revenue": 233190000,
      "gross_profit": 54530000,
      "operating_income": 20060000,
      "net_income": 11020000,
      "opex": 34470000,
      "cogs": 178660000,
      "rd": null,
      "sga": 34470000,
      "fcf": 16500000,
      "ocf": 16500000,
      "capex": null,
      "gross_margin": 0.23384364681161285,
      "op_margin": 0.08602427205283246,
      "fcf_margin": 0.07075775119001672,
      "incr_op_margin_yoy": 2.1848552338530065,
      "rev_growth_yoy": -0.018890945809491754,
      "rev_growth_yoy_accel": 0.02056338079208642,
      "op_leverage_ratio": Infinity,
      "fcf_margin_change": 0.025784206216471747
    },
    {
      "date": "2023-09-30T00:00:00",
      "quarter_label": "2023-09 (Q3)",
      "revenue": 235340000,
      "gross_profit": 55930000,
      "operating_income": 23760000,
      "net_income": 16490000,
      "opex": 32170000,
      "cogs": 179410000,
      "rd": null,
      "sga": 32290000,
      "fcf": 31380000,
      "ocf": 31380000,
      "capex": null,
      "gross_margin": 0.23765615704937537,
      "op_margin": 0.10096031273901589,
      "fcf_margin": 0.13333899889521544,
      "incr_op_margin_yoy": 0.165377751338489,
      "rev_growth_yoy": 0.07692307692307693,
      "rev_growth_yoy_accel": 0.09581402273256868,
      "fcf_margin_change": 0.06258124770519873
    },
    {
      "date": "2023-12-31T00:00:00",
      "quarter_label": "2023-12 (Q4)",
      "revenue": 209560000,
      "gross_profit": 43170000,
      "operating_income": 11630000,
      "net_income": 7940000,
      "opex": 31540000,
      "cogs": 166390000,
      "rd": null,
      "sga": 30170000,
      "fcf": 30590000,
      "ocf": 30590000,
      "capex": null,
      "gross_margin": 0.20600305401794236,
      "op_margin": 0.05549723229623974,
      "fcf_margin": 0.1459725138385188,
      "incr_op_margin_yoy": -2.344,
      "rev_growth_yoy": 0.030741232600462347,
      "rev_growth_yoy_accel": -0.04618184432261458,
      "fcf_margin_change": 0.012633514943303364
    },
    {
      "date": "2024-03-31T00:00:00",
      "quarter_label": "2024-03 (Q1)",
      "revenue": 227100000,
      "gross_profit": 52710000,
      "operating_income": 12440000,
      "net_income": 5140000,
      "opex": 40270000,
      "cogs": 174390000,
      "rd": null,
      "sga": 40270000,
      "fcf": -3690000,
      "ocf": -3690000,
      "capex": null,
      "gross_margin": 0.2321003963011889,
      "op_margin": 0.054777630999559665,
      "fcf_margin": -0.016248348745046236,
      "incr_op_margin_yoy": 0.2104810996563574,
      "rev_growth_yoy": 0.05402394876079086,
      "rev_growth_yoy_accel": 0.023282716160328516,
      "op_leverage_ratio": 0.30239084914074044,
      "fcf_margin_change": -0.16222086258356505
    },
    {
      "date": "2024-06-30T00:00:00",
      "quarter_label": "2024-06 (Q2)",
      "revenue": 240500000,
      "gross_profit": 54010000,
      "operating_income": 17850000,
      "net_income": 10940000,
      "opex": 36160000,
      "cogs": 186490000,
      "rd": null,
      "sga": 36160000,
      "fcf": 18360000,
      "ocf": 18360000,
      "capex": null,
      "gross_margin": 0.22457380457380458,
      "op_margin": 0.07422037422037422,
      "fcf_margin": 0.07634095634095633,
      "incr_op_margin_yoy": -0.3023255813953488,
      "rev_growth_yoy": 0.031347827951455895,
      "rev_growth_yoy_accel": -0.022676120809334968,
      "op_leverage_ratio": Infinity,
      "fcf_margin_change": 0.09258930508600258
    },
    {
      "date": "2024-09-30T00:00:00",
      "quarter_label": "2024-09 (Q3)",
      "revenue": 229360000,
      "gross_profit": 51700000,
      "operating_income": 8280000,
      "net_income": 2530000,
      "opex": 43420000,
      "cogs": 177660000,
      "rd": null,
      "sga": 44460000,
      "fcf": 22030000,
      "ocf": 22030000,
      "capex": null,
      "gross_margin": 0.22540983606557377,
      "op_margin": 0.036100453435647016,
      "fcf_margin": 0.09604987792117195,
      "incr_op_margin_yoy": 2.588628762541806,
      "rev_growth_yoy": -0.025410045041216963,
      "rev_growth_yoy_accel": -0.05675787299267286,
      "fcf_margin_change": 0.019708921580215616
    },
    {
      "date": "2024-12-31T00:00:00",
      "quarter_label": "2024-12 (Q4)",
      "revenue": 228050000,
      "gross_profit": 41040000,
      "operating_income": 8620000,
      "net_income": 5640000,
      "opex": 32420000,
      "cogs": 187010000,
      "rd": null,
      "sga": 32150000,
      "fcf": 27080000,
      "ocf": 27080000,
      "capex": null,
      "gross_margin": 0.17996053497040124,
      "op_margin": 0.03779872834904626,
      "fcf_margin": 0.1187458890594168,
      "incr_op_margin_yoy": -0.16279069767441862,
      "rev_growth_yoy": 0.0882324871158618,
      "rev_growth_yoy_accel": 0.11364253215707877,
      "fcf_margin_change": 0.022696011138244848
    },
    {
      "date": "2025-03-31T00:00:00",
      "quarter_label": "2025-03 (Q1)",
      "revenue": 241670000,
      "gross_profit": 57030000,
      "operating_income": 21780000,
      "net_income": 12420000,
      "opex": 35250000,
      "cogs": 184640000,
      "rd": null,
      "sga": 40540000,
      "fcf": 9190000,
      "ocf": 9190000,
      "capex": null,
      "gross_margin": 0.23598295195928332,
      "op_margin": 0.09012289485662267,
      "fcf_margin": 0.03802706169570075,
      "incr_op_margin_yoy": 0.6410432395332876,
      "rev_growth_yoy": 0.06415675913694407,
      "rev_growth_yoy_accel": -0.02407572797891773,
      "op_leverage_ratio": 0.6841850905239769,
      "fcf_margin_change": -0.08071882736371605
    },
    {
      "date": "2025-06-30T00:00:00",
      "quarter_label": "2025-06 (Q2)",
      "revenue": 274760000,
      "gross_profit": 69720000,
      "operating_income": 27130000,
      "net_income": 16720000,
      "opex": 42590000,
      "cogs": 205040000,
      "rd": null,
      "sga": 42570000,
      "fcf": 30250000,
      "ocf": 30250000,
      "capex": null,
      "gross_margin": 0.25374872616101324,
      "op_margin": 0.09874071917309651,
      "fcf_margin": 0.11009608385500073,
      "incr_op_margin_yoy": 0.2708698190309399,
      "rev_growth_yoy": 0.14245322245322245,
      "rev_growth_yoy_accel": 0.07829646331627838,
      "op_leverage_ratio": 0.6575625735050464,
      "fcf_margin_change": 0.07206902215929999
    },
    {
      "date": "2025-09-30T00:00:00",
      "quarter_label": "2025-09 (Q3)",
      "revenue": 269260000,
      "gross_profit": 65910000,
      "operating_income": 16590000,
      "net_income": 9300000,
      "opex": 49320000,
      "cogs": 203350000,
      "rd": null,
      "sga": 41140000,
      "fcf": 36490000,
      "ocf": 36490000,
      "capex": null,
      "gross_margin": 0.24478199509767512,
      "op_margin": 0.06161331055485404,
      "fcf_margin": 0.13551957216073685,
      "incr_op_margin_yoy": 0.20827067669172933,
      "rev_growth_yoy": 0.17396232996163236,
      "rev_growth_yoy_accel": 0.031509107508409906,
      "fcf_margin_change": 0.02542348830573611
    }
  ],
  "signals": [
    {
      "quarter": "2025-09 (Q3)",
      "signal": "INCREMENTAL MARGIN (YoY)",
      "detail": "YoY Incr OPM: +20.8% vs year-ago OPM: +3.6%",
      "severity": "MEDIUM"
    },
    {
      "quarter": "2025-06 (Q2)",
      "signal": "FCF MARGIN EXPANSION",
      "detail": "FCF margin: +3.8% -> +11.0% (+7.2%)",
      "severity": "MEDIUM"
    },
    {
      "quarter": "2025-06 (Q2)",
      "signal": "YoY REVENUE GROWTH ACCELERATION",
      "detail": "YoY growth: +14.2% vs prior quarter YoY: +6.4% (accel: +7.8%)",
      "severity": "MEDIUM"
    },
    {
      "quarter": "2025-06 (Q2)",
      "signal": "INCREMENTAL MARGIN (YoY)",
      "detail": "YoY Incr OPM: +27.1% vs year-ago OPM: +7.4%",
      "severity": "MEDIUM"
    },
    {
      "quarter": "2025-03 (Q1)",
      "signal": "GROSS MARGIN INFLECTION",
      "detail": "GM: +22.5% -> +18.0% -> +23.6% (reversal +5.6%)",
      "severity": "HIGH"
    },
    {
      "quarter": "2025-03 (Q1)",
      "signal": "INCREMENTAL MARGIN (YoY)",
      "detail": "YoY Incr OPM: +64.1% vs year-ago OPM: +5.5%",
      "severity": "HIGH"
    },
    {
      "quarter": "2024-12 (Q4)",
      "signal": "YoY REVENUE GROWTH ACCELERATION",
      "detail": "YoY growth: +8.8% vs prior quarter YoY: -2.5% (accel: +11.4%)",
      "severity": "MEDIUM"
    },
    {
      "quarter": "2024-09 (Q3)",
      "signal": "YoY REVENUE GROWTH DECELERATION",
      "detail": "YoY growth: -2.5% vs prior quarter YoY: +3.1% (decel: -5.7%)",
      "severity": "WARNING"
    },
    {
      "quarter": "2024-09 (Q3)",
      "signal": "INCREMENTAL MARGIN (YoY)",
      "detail": "YoY Incr OPM: +258.9% vs year-ago OPM: +10.1%",
      "severity": "HIGH"
    },
    {
      "quarter": "2024-06 (Q2)",
      "signal": "FCF TURNED POSITIVE",
      "detail": "FCF margin: -1.6% -> +7.6%",
      "severity": "HIGH"
    },
    {
      "quarter": "2024-03 (Q1)",
      "signal": "GROSS MARGIN INFLECTION",
      "detail": "GM: +23.8% -> +20.6% -> +23.2% (reversal +2.6%)",
      "severity": "MEDIUM"
    },
    {
      "quarter": "2024-03 (Q1)",
      "signal": "INCREMENTAL MARGIN (YoY)",
      "detail": "YoY Incr OPM: +21.0% vs year-ago OPM: +4.6%",
      "severity": "MEDIUM"
    },
    {
      "quarter": "2023-09 (Q3)",
      "signal": "FCF MARGIN EXPANSION",
      "detail": "FCF margin: +7.1% -> +13.3% (+6.3%)",
      "severity": "MEDIUM"
    },
    {
      "quarter": "2023-09 (Q3)",
      "signal": "YoY REVENUE GROWTH ACCELERATION",
      "detail": "YoY growth: +7.7% vs prior quarter YoY: -1.9% (accel: +9.6%)",
      "severity": "MEDIUM"
    },
    {
      "quarter": "2023-06 (Q2)",
      "signal": "INCREMENTAL MARGIN (YoY)",
      "detail": "YoY Incr OPM: +218.5% vs year-ago OPM: +12.6%",
      "severity": "HIGH"
    },
    {
      "quarter": "2023-03 (Q1)",
      "signal": "INCREMENTAL MARGIN (YoY)",
      "detail": "YoY Incr OPM: +134.9% vs year-ago OPM: +9.8%",
      "severity": "HIGH"
    },
    {
      "quarter": "2022-09 (Q3)",
      "signal": "YoY REVENUE GROWTH DECELERATION",
      "detail": "YoY growth: -1.7% vs prior quarter YoY: +8.5% (decel: -10.3%)",
      "severity": "WARNING"
    },
    {
      "quarter": "2022-09 (Q3)",
      "signal": "INCREMENTAL MARGIN (YoY)",
      "detail": "YoY Incr OPM: +253.0% vs year-ago OPM: +13.9%",
      "severity": "HIGH"
    },
    {
      "quarter": "2022-06 (Q2)",
      "signal": "FCF MARGIN EXPANSION",
      "detail": "FCF margin: +2.5% -> +9.3% (+6.7%)",
      "severity": "MEDIUM"
    },
    {
      "quarter": "2022-06 (Q2)",
      "signal": "INCREMENTAL MARGIN (YoY)",
      "detail": "YoY Incr OPM: +23.0% vs year-ago OPM: +11.7%",
      "severity": "MEDIUM"
    },
    {
      "quarter": "2021-12 (Q4)",
      "signal": "FCF MARGIN EXPANSION",
      "detail": "FCF margin: +15.8% -> +27.0% (+11.3%)",
      "severity": "MEDIUM"
    }
  ],
  "data_quality": {
    "n_quarters": 20,
    "coverage": {
      "revenue": [
        20,
        20
      ],
      "gross_profit": [
        20,
        20
      ],
      "op_income": [
        20,
        20
      ],
      "fcf": [
        20,
        20
      ]
    },
    "gaps": [],
    "warnings": []
  },
  "market_cap": null,
  "source": "SEC EDGAR",
  "last_updated": "2026-02-02T21:50:55.918403"
}