{
  "ticker": "TRTN-PF",
  "name": "TRITON INTERNATIONAL LIMITED",
  "quarters": [
    {
      "date": "2020-12-31T00:00:00",
      "quarter_label": "2020-12 (Q4)",
      "revenue": 27403000,
      "gross_profit": 6977000,
      "operating_income": 190360000,
      "net_income": null,
      "opex": 172324000,
      "cogs": 20426000,
      "rd": null,
      "sga": null,
      "fcf": 261411000,
      "ocf": 261411000,
      "capex": null,
      "gross_margin": 0.2546071598000219,
      "op_margin": 6.946684669561727,
      "fcf_margin": 9.53950297412692
    },
    {
      "date": "2021-03-31T00:00:00",
      "quarter_label": "2021-03 (Q1)",
      "revenue": 25945000,
      "gross_profit": 8141000,
      "operating_income": 205717000,
      "net_income": 139838000,
      "opex": 171134000,
      "cogs": 17804000,
      "rd": null,
      "sga": null,
      "fcf": 300988000,
      "ocf": 300988000,
      "capex": null,
      "gross_margin": 0.31377914819811137,
      "op_margin": 7.928965118519946,
      "fcf_margin": 11.601002119868953,
      "fcf_margin_change": 2.061499145742033
    },
    {
      "date": "2021-06-30T00:00:00",
      "quarter_label": "2021-06 (Q2)",
      "revenue": 33183000,
      "gross_profit": 10726000,
      "operating_income": 228555000,
      "net_income": 65217000,
      "opex": 183346000,
      "cogs": 22457000,
      "rd": null,
      "sga": null,
      "fcf": 312331000,
      "ocf": 312331000,
      "capex": null,
      "gross_margin": 0.3232378024892264,
      "op_margin": 6.887713588283157,
      "fcf_margin": 9.412379833047043,
      "op_leverage_ratio": 3.9094387160422817,
      "fcf_margin_change": -2.1886222868219107
    },
    {
      "date": "2021-09-30T00:00:00",
      "quarter_label": "2021-09 (Q3)",
      "revenue": 44418000,
      "gross_profit": 9163000,
      "operating_income": 244479000,
      "net_income": 134732000,
      "opex": 190481000,
      "cogs": 35255000,
      "rd": null,
      "sga": null,
      "fcf": 373600000,
      "ocf": 373600000,
      "capex": null,
      "gross_margin": 0.20629024269440316,
      "op_margin": 5.504052411184655,
      "fcf_margin": 8.411004547705884,
      "op_leverage_ratio": 8.70031329734383,
      "fcf_margin_change": -1.0013752853411582
    },
    {
      "date": "2021-12-31T00:00:00",
      "quarter_label": "2021-12 (Q4)",
      "revenue": 39423000,
      "gross_profit": 6069000,
      "operating_income": 256344000,
      "net_income": null,
      "opex": 194983000,
      "cogs": 33354000,
      "rd": null,
      "sga": null,
      "fcf": 418245000,
      "ocf": 418245000,
      "capex": null,
      "gross_margin": 0.1539456662354463,
      "op_margin": 6.502397077847957,
      "fcf_margin": 10.609162164218857,
      "incr_op_margin_yoy": 5.4895174708818635,
      "rev_growth_yoy": 0.4386381053169361,
      "fcf_margin_change": 2.1981576165129724
    },
    {
      "date": "2022-03-31T00:00:00",
      "quarter_label": "2022-03 (Q1)",
      "revenue": 34120000,
      "gross_profit": 4141000,
      "operating_income": 261989000,
      "net_income": 194258000,
      "opex": 188209000,
      "cogs": 29979000,
      "rd": null,
      "sga": null,
      "fcf": 398670000,
      "ocf": 398670000,
      "capex": null,
      "gross_margin": 0.12136576787807737,
      "op_margin": 7.67845838218054,
      "fcf_margin": 11.684349355216881,
      "incr_op_margin_yoy": 6.8834250764526,
      "rev_growth_yoy": 0.3150896126421276,
      "rev_growth_yoy_accel": -0.1235484926748085,
      "fcf_margin_change": 1.0751871909980242
    },
    {
      "date": "2022-06-30T00:00:00",
      "quarter_label": "2022-06 (Q2)",
      "revenue": 48108000,
      "gross_profit": 6402000,
      "operating_income": 269748000,
      "net_income": 197619000,
      "opex": 193334000,
      "cogs": 41706000,
      "rd": null,
      "sga": null,
      "fcf": 638785000,
      "ocf": 638785000,
      "capex": null,
      "gross_margin": 0.13307557994512348,
      "op_margin": 5.607133948615615,
      "fcf_margin": 13.278145007067431,
      "incr_op_margin_yoy": 2.76,
      "rev_growth_yoy": 0.44977850103968897,
      "rev_growth_yoy_accel": 0.13468888839756138,
      "op_leverage_ratio": 15.055428427644182,
      "fcf_margin_change": 1.5937956518505505
    },
    {
      "date": "2022-09-30T00:00:00",
      "quarter_label": "2022-09 (Q3)",
      "revenue": 44786000,
      "gross_profit": 3680000,
      "operating_income": 263144000,
      "net_income": 189837000,
      "opex": 191687000,
      "cogs": 41106000,
      "rd": null,
      "sga": null,
      "fcf": 400807000,
      "ocf": 400807000,
      "capex": null,
      "gross_margin": 0.08216853480998526,
      "op_margin": 5.875586120662707,
      "fcf_margin": 8.949381503148306,
      "rev_growth_yoy": 0.008284929533072178,
      "rev_growth_yoy_accel": -0.4414935715066168,
      "fcf_margin_change": -4.3287635039191255
    },
    {
      "date": "2022-12-31T00:00:00",
      "quarter_label": "2022-12 (Q4)",
      "revenue": 20860000,
      "gross_profit": 1781000,
      "operating_income": 249347000,
      "net_income": null,
      "opex": 193897000,
      "cogs": 19079000,
      "rd": null,
      "sga": null,
      "fcf": 446606000,
      "ocf": 446606000,
      "capex": null,
      "gross_margin": 0.08537871524448706,
      "op_margin": 11.953355704697987,
      "fcf_margin": 21.40968360498562,
      "incr_op_margin_yoy": 0.3769326078758821,
      "rev_growth_yoy": -0.47086726022880043,
      "rev_growth_yoy_accel": -0.4791521897618726,
      "fcf_margin_change": 12.460302101837314
    },
    {
      "date": "2023-03-31T00:00:00",
      "quarter_label": "2023-03 (Q1)",
      "revenue": 19102000,
      "gross_profit": 1069000,
      "operating_income": 221549000,
      "net_income": 149813000,
      "opex": 192743000,
      "cogs": 18033000,
      "rd": null,
      "sga": null,
      "fcf": 302817000,
      "ocf": 302817000,
      "capex": null,
      "gross_margin": 0.05596272641608208,
      "op_margin": 11.598209611559,
      "fcf_margin": 15.85263323212229,
      "incr_op_margin_yoy": 2.6927686775868955,
      "rev_growth_yoy": -0.44015240328253225,
      "rev_growth_yoy_accel": 0.030714856946268188,
      "fcf_margin_change": -5.55705037286333
    },
    {
      "date": "2023-06-30T00:00:00",
      "quarter_label": "2023-06 (Q2)",
      "revenue": 26426000,
      "gross_profit": 1914000,
      "operating_income": 213103000,
      "net_income": 141762000,
      "opex": 196933000,
      "cogs": 24512000,
      "rd": null,
      "sga": null,
      "fcf": 304792000,
      "ocf": 304792000,
      "capex": null,
      "gross_margin": 0.0724286687353364,
      "op_margin": 8.064141375917657,
      "fcf_margin": 11.53379247710588,
      "incr_op_margin_yoy": 2.6125357439350614,
      "rev_growth_yoy": -0.4506942712230814,
      "rev_growth_yoy_accel": -0.010541867940549177,
      "op_leverage_ratio": 17.637380583922162,
      "fcf_margin_change": -4.31884075501641
    },
    {
      "date": "2023-09-30T00:00:00",
      "quarter_label": "2023-09 (Q3)",
      "revenue": 34996000,
      "gross_profit": 4508000,
      "operating_income": 140993000,
      "net_income": 69701000,
      "opex": 260734000,
      "cogs": 30488000,
      "rd": null,
      "sga": null,
      "fcf": 255345000,
      "ocf": 255345000,
      "capex": null,
      "gross_margin": 0.12881472168247798,
      "op_margin": 4.028831866499028,
      "fcf_margin": 7.296405303463253,
      "incr_op_margin_yoy": 12.47711950970378,
      "rev_growth_yoy": -0.21859509668199884,
      "rev_growth_yoy_accel": 0.2320991745410826,
      "op_leverage_ratio": 1.0010145781125828,
      "fcf_margin_change": -4.237387173642627
    },
    {
      "date": "2023-12-31T00:00:00",
      "quarter_label": "2023-12 (Q4)",
      "revenue": 15474000,
      "gross_profit": 408000,
      "operating_income": 193088000,
      "net_income": null,
      "opex": 191163000,
      "cogs": 15066000,
      "rd": null,
      "sga": null,
      "fcf": 287254000,
      "ocf": 287254000,
      "capex": null,
      "gross_margin": 0.026366808840635907,
      "op_margin": 12.478221532893887,
      "fcf_margin": 18.563655163500066,
      "incr_op_margin_yoy": 10.445414036390643,
      "rev_growth_yoy": -0.25819750719079576,
      "rev_growth_yoy_accel": -0.039602410508796926,
      "fcf_margin_change": 11.267249860036813
    },
    {
      "date": "2024-03-31T00:00:00",
      "quarter_label": "2024-03 (Q1)",
      "revenue": 10146000,
      "gross_profit": 377000,
      "operating_income": 199669000,
      "net_income": 125543000,
      "opex": 186615000,
      "cogs": 9769000,
      "rd": null,
      "sga": null,
      "fcf": 257517000,
      "ocf": 257517000,
      "capex": null,
      "gross_margin": 0.03715750049280504,
      "op_margin": 19.679578158880346,
      "fcf_margin": 25.38113542282673,
      "incr_op_margin_yoy": 2.443054935238946,
      "rev_growth_yoy": -0.46885142916972045,
      "rev_growth_yoy_accel": -0.21065392197892469,
      "fcf_margin_change": 6.817480259326665
    },
    {
      "date": "2024-06-30T00:00:00",
      "quarter_label": "2024-06 (Q2)",
      "revenue": 13971000,
      "gross_profit": 1922000,
      "operating_income": 152030000,
      "net_income": 77436000,
      "opex": 190763000,
      "cogs": 12049000,
      "rd": null,
      "sga": null,
      "fcf": 267733000,
      "ocf": 267733000,
      "capex": null,
      "gross_margin": 0.13757068212726362,
      "op_margin": 10.881826640899005,
      "fcf_margin": 19.163481497387444,
      "incr_op_margin_yoy": 4.903492573263749,
      "rev_growth_yoy": -0.4713161280557027,
      "rev_growth_yoy_accel": -0.002464698885982275,
      "op_leverage_ratio": 16.960723841746567,
      "fcf_margin_change": -6.217653925439286
    },
    {
      "date": "2024-09-30T00:00:00",
      "quarter_label": "2024-09 (Q3)",
      "revenue": 11493000,
      "gross_profit": 1053000,
      "operating_income": 233424000,
      "net_income": 150653000,
      "opex": 176383000,
      "cogs": 10440000,
      "rd": null,
      "sga": null,
      "fcf": 342863000,
      "ocf": 342863000,
      "capex": null,
      "gross_margin": 0.09162098668754894,
      "op_margin": 20.31010180109632,
      "fcf_margin": 29.832332724266944,
      "incr_op_margin_yoy": -3.932731991660639,
      "rev_growth_yoy": -0.6715910389758829,
      "rev_growth_yoy_accel": -0.20027491092018018,
      "fcf_margin_change": 10.6688512268795
    },
    {
      "date": "2024-12-31T00:00:00",
      "quarter_label": "2024-12 (Q4)",
      "revenue": 13027000,
      "gross_profit": 944000,
      "operating_income": 241526000,
      "net_income": null,
      "opex": 171091000,
      "cogs": 12083000,
      "rd": null,
      "sga": null,
      "fcf": 245255000,
      "ocf": 245255000,
      "capex": null,
      "gross_margin": 0.07246488063253244,
      "op_margin": 18.54041605895448,
      "fcf_margin": 18.826667690181928,
      "incr_op_margin_yoy": -19.794850837760524,
      "rev_growth_yoy": -0.1581362285123433,
      "rev_growth_yoy_accel": 0.5134548104635396,
      "op_leverage_ratio": Infinity,
      "fcf_margin_change": -11.005665034085016
    },
    {
      "date": "2025-03-31T00:00:00",
      "quarter_label": "2025-03 (Q1)",
      "revenue": 11915000,
      "gross_profit": 594000,
      "operating_income": 226718000,
      "net_income": 144773000,
      "opex": 167610000,
      "cogs": 11321000,
      "rd": null,
      "sga": null,
      "fcf": 287698000,
      "ocf": 287698000,
      "capex": null,
      "gross_margin": 0.04985312631137222,
      "op_margin": 19.027947964750314,
      "fcf_margin": 24.145866554762904,
      "incr_op_margin_yoy": 15.29055963821368,
      "rev_growth_yoy": 0.17435442538931598,
      "rev_growth_yoy_accel": 0.33249065390165927,
      "fcf_margin_change": 5.319198864580976
    },
    {
      "date": "2025-06-30T00:00:00",
      "quarter_label": "2025-06 (Q2)",
      "revenue": 16411000,
      "gross_profit": 754000,
      "operating_income": 197873000,
      "net_income": 125724000,
      "opex": 120620000,
      "cogs": 15657000,
      "rd": null,
      "sga": null,
      "fcf": 212663000,
      "ocf": 212663000,
      "capex": null,
      "gross_margin": 0.04594479312656145,
      "op_margin": 12.05733958929986,
      "fcf_margin": 12.958564377551642,
      "incr_op_margin_yoy": 18.78811475409836,
      "rev_growth_yoy": 0.1746474840741536,
      "rev_growth_yoy_accel": 0.000293058684837616,
      "op_leverage_ratio": Infinity,
      "fcf_margin_change": -11.187302177211262
    },
    {
      "date": "2025-09-30T00:00:00",
      "quarter_label": "2025-09 (Q3)",
      "revenue": 16943000,
      "gross_profit": 646000,
      "operating_income": 201229000,
      "net_income": 117329000,
      "opex": 136422000,
      "cogs": 16297000,
      "rd": null,
      "sga": null,
      "fcf": 223576000,
      "ocf": 223576000,
      "capex": null,
      "gross_margin": 0.038127840406067405,
      "op_margin": 11.876822286489995,
      "fcf_margin": 13.195774065985953,
      "incr_op_margin_yoy": -5.9073394495412845,
      "rev_growth_yoy": 0.47420168798399026,
      "rev_growth_yoy_accel": 0.29955420390983667,
      "op_leverage_ratio": 0.2474479461657431,
      "fcf_margin_change": 0.23720968843431045
    }
  ],
  "signals": [
    {
      "quarter": "2025-09 (Q3)",
      "signal": "FCF MARGIN EXPANSION",
      "detail": "FCF margin: +1295.9% -> +1319.6% (+23.7%)",
      "severity": "MEDIUM"
    },
    {
      "quarter": "2025-09 (Q3)",
      "signal": "YoY REVENUE GROWTH ACCELERATION",
      "detail": "YoY growth: +47.4% vs prior quarter YoY: +17.5% (accel: +30.0%)",
      "severity": "HIGH"
    },
    {
      "quarter": "2025-06 (Q2)",
      "signal": "INCREMENTAL MARGIN (YoY)",
      "detail": "YoY Incr OPM: +1878.8% vs year-ago OPM: +1088.2%",
      "severity": "HIGH"
    },
    {
      "quarter": "2025-03 (Q1)",
      "signal": "FCF MARGIN EXPANSION",
      "detail": "FCF margin: +1882.7% -> +2414.6% (+531.9%)",
      "severity": "MEDIUM"
    },
    {
      "quarter": "2025-03 (Q1)",
      "signal": "YoY REVENUE GROWTH ACCELERATION",
      "detail": "YoY growth: +17.4% vs prior quarter YoY: -15.8% (accel: +33.2%)",
      "severity": "HIGH"
    },
    {
      "quarter": "2024-12 (Q4)",
      "signal": "YoY REVENUE GROWTH ACCELERATION",
      "detail": "YoY growth: -15.8% vs prior quarter YoY: -67.2% (accel: +51.3%)",
      "severity": "HIGH"
    },
    {
      "quarter": "2024-09 (Q3)",
      "signal": "FCF MARGIN EXPANSION",
      "detail": "FCF margin: +1916.3% -> +2983.2% (+1066.9%)",
      "severity": "MEDIUM"
    },
    {
      "quarter": "2024-09 (Q3)",
      "signal": "YoY REVENUE GROWTH DECELERATION",
      "detail": "YoY growth: -67.2% vs prior quarter YoY: -47.1% (decel: -20.0%)",
      "severity": "WARNING"
    },
    {
      "quarter": "2024-06 (Q2)",
      "signal": "OPERATING LEVERAGE",
      "detail": "Rev growth +37.7% vs OpEx growth +2.2% (leverage: 17.0x)",
      "severity": "MEDIUM"
    },
    {
      "quarter": "2024-03 (Q1)",
      "signal": "FCF MARGIN EXPANSION",
      "detail": "FCF margin: +1856.4% -> +2538.1% (+681.7%)",
      "severity": "MEDIUM"
    },
    {
      "quarter": "2024-03 (Q1)",
      "signal": "YoY REVENUE GROWTH DECELERATION",
      "detail": "YoY growth: -46.9% vs prior quarter YoY: -25.8% (decel: -21.1%)",
      "severity": "WARNING"
    },
    {
      "quarter": "2023-12 (Q4)",
      "signal": "FCF MARGIN EXPANSION",
      "detail": "FCF margin: +729.6% -> +1856.4% (+1126.7%)",
      "severity": "MEDIUM"
    },
    {
      "quarter": "2023-09 (Q3)",
      "signal": "YoY REVENUE GROWTH ACCELERATION",
      "detail": "YoY growth: -21.9% vs prior quarter YoY: -45.1% (accel: +23.2%)",
      "severity": "HIGH"
    },
    {
      "quarter": "2023-09 (Q3)",
      "signal": "INCREMENTAL MARGIN (YoY)",
      "detail": "YoY Incr OPM: +1247.7% vs year-ago OPM: +587.6%",
      "severity": "HIGH"
    },
    {
      "quarter": "2023-06 (Q2)",
      "signal": "OPERATING LEVERAGE",
      "detail": "Rev growth +38.3% vs OpEx growth +2.2% (leverage: 17.6x)",
      "severity": "MEDIUM"
    },
    {
      "quarter": "2022-12 (Q4)",
      "signal": "FCF MARGIN EXPANSION",
      "detail": "FCF margin: +894.9% -> +2141.0% (+1246.0%)",
      "severity": "MEDIUM"
    },
    {
      "quarter": "2022-12 (Q4)",
      "signal": "YoY REVENUE GROWTH DECELERATION",
      "detail": "YoY growth: -47.1% vs prior quarter YoY: +0.8% (decel: -47.9%)",
      "severity": "WARNING"
    },
    {
      "quarter": "2022-09 (Q3)",
      "signal": "YoY REVENUE GROWTH DECELERATION",
      "detail": "YoY growth: +0.8% vs prior quarter YoY: +45.0% (decel: -44.1%)",
      "severity": "WARNING"
    },
    {
      "quarter": "2022-06 (Q2)",
      "signal": "FCF MARGIN EXPANSION",
      "detail": "FCF margin: +1168.4% -> +1327.8% (+159.4%)",
      "severity": "MEDIUM"
    },
    {
      "quarter": "2022-06 (Q2)",
      "signal": "OPERATING LEVERAGE",
      "detail": "Rev growth +41.0% vs OpEx growth +2.7% (leverage: 15.1x)",
      "severity": "MEDIUM"
    },
    {
      "quarter": "2022-06 (Q2)",
      "signal": "YoY REVENUE GROWTH ACCELERATION",
      "detail": "YoY growth: +45.0% vs prior quarter YoY: +31.5% (accel: +13.5%)",
      "severity": "MEDIUM"
    },
    {
      "quarter": "2022-03 (Q1)",
      "signal": "FCF MARGIN EXPANSION",
      "detail": "FCF margin: +1060.9% -> +1168.4% (+107.5%)",
      "severity": "MEDIUM"
    },
    {
      "quarter": "2022-03 (Q1)",
      "signal": "YoY REVENUE GROWTH DECELERATION",
      "detail": "YoY growth: +31.5% vs prior quarter YoY: +43.9% (decel: -12.4%)",
      "severity": "WARNING"
    },
    {
      "quarter": "2021-12 (Q4)",
      "signal": "FCF MARGIN EXPANSION",
      "detail": "FCF margin: +841.1% -> +1060.9% (+219.8%)",
      "severity": "MEDIUM"
    },
    {
      "quarter": "2021-09 (Q3)",
      "signal": "OPERATING LEVERAGE",
      "detail": "Rev growth +33.9% vs OpEx growth +3.9% (leverage: 8.7x)",
      "severity": "MEDIUM"
    },
    {
      "quarter": "2021-06 (Q2)",
      "signal": "OPERATING LEVERAGE",
      "detail": "Rev growth +27.9% vs OpEx growth +7.1% (leverage: 3.9x)",
      "severity": "MEDIUM"
    },
    {
      "quarter": "2021-03 (Q1)",
      "signal": "FCF MARGIN EXPANSION",
      "detail": "FCF margin: +954.0% -> +1160.1% (+206.1%)",
      "severity": "MEDIUM"
    }
  ],
  "data_quality": {
    "n_quarters": 20,
    "coverage": {
      "revenue": [
        20,
        20
      ],
      "gross_profit": [
        20,
        20
      ],
      "op_income": [
        20,
        20
      ],
      "fcf": [
        20,
        20
      ]
    },
    "gaps": [],
    "warnings": []
  },
  "market_cap": null,
  "source": "SEC EDGAR",
  "last_updated": "2026-02-03T01:08:55.839278"
}