{
  "ticker": "TRU",
  "name": "TransUnion",
  "quarters": [
    {
      "date": "2020-12-31T00:00:00",
      "quarter_label": "2020-12 (Q4)",
      "revenue": 698600000,
      "gross_profit": null,
      "operating_income": 144900000,
      "net_income": 101700000,
      "opex": 553700000,
      "cogs": null,
      "rd": null,
      "sga": 204900000,
      "fcf": 155500000,
      "ocf": 229400000,
      "capex": -73900000,
      "gross_margin": null,
      "op_margin": 0.20741482965931865,
      "fcf_margin": 0.2225880332092757
    },
    {
      "date": "2021-03-31T00:00:00",
      "quarter_label": "2021-03 (Q1)",
      "revenue": 745300000,
      "gross_profit": null,
      "operating_income": 180700000,
      "net_income": 127900000,
      "opex": 564600000,
      "cogs": null,
      "rd": null,
      "sga": 227200000,
      "fcf": 104100000,
      "ocf": 144800000,
      "capex": -40700000,
      "gross_margin": null,
      "op_margin": 0.24245270360928486,
      "fcf_margin": 0.13967529853750169,
      "op_leverage_ratio": 3.3957548123770476,
      "fcf_margin_change": -0.08291273467177401
    },
    {
      "date": "2021-06-30T00:00:00",
      "quarter_label": "2021-06 (Q2)",
      "revenue": 774200000,
      "gross_profit": null,
      "operating_income": 217500000,
      "net_income": 127600000,
      "opex": 556700000,
      "cogs": null,
      "rd": null,
      "sga": 208000000,
      "fcf": 183200000,
      "ocf": 235700000,
      "capex": -52500000,
      "gross_margin": null,
      "op_margin": 0.28093515887367604,
      "fcf_margin": 0.23663136140532162,
      "op_leverage_ratio": Infinity,
      "fcf_margin_change": 0.09695606286781994
    },
    {
      "date": "2021-09-30T00:00:00",
      "quarter_label": "2021-09 (Q3)",
      "revenue": 791600000,
      "gross_profit": null,
      "operating_income": 189400000,
      "net_income": 114200000,
      "opex": 602300000,
      "cogs": null,
      "rd": null,
      "sga": 247300000,
      "fcf": 224200000,
      "ocf": 279700000,
      "capex": -55500000,
      "gross_margin": null,
      "op_margin": 0.2392622536634664,
      "fcf_margin": 0.28322385042950987,
      "op_leverage_ratio": 0.27438000516662364,
      "fcf_margin_change": 0.04659248902418825
    },
    {
      "date": "2021-12-31T00:00:00",
      "quarter_label": "2021-12 (Q4)",
      "revenue": 789800000,
      "gross_profit": null,
      "operating_income": 114000000,
      "net_income": 1017400000,
      "opex": 588900000,
      "cogs": null,
      "rd": null,
      "sga": 261500000,
      "fcf": 72600000,
      "ocf": 148100000,
      "capex": -75500000,
      "gross_margin": null,
      "op_margin": 0.14434033932641174,
      "fcf_margin": 0.09192200557103064,
      "incr_op_margin_yoy": -0.33881578947368424,
      "rev_growth_yoy": 0.13054680790151732,
      "fcf_margin_change": -0.19130184485847923
    },
    {
      "date": "2022-03-31T00:00:00",
      "quarter_label": "2022-03 (Q1)",
      "revenue": 921300000,
      "gross_profit": null,
      "operating_income": 135000000,
      "net_income": 48300000,
      "opex": 786300000,
      "cogs": null,
      "rd": null,
      "sga": 359500000,
      "fcf": -47400000,
      "ocf": 11200000,
      "capex": -58600000,
      "gross_margin": null,
      "op_margin": 0.14653207424291761,
      "fcf_margin": -0.05144903940084663,
      "incr_op_margin_yoy": -0.2596590909090909,
      "rev_growth_yoy": 0.23614651818059842,
      "rev_growth_yoy_accel": 0.1055997102790811,
      "op_leverage_ratio": 0.49671014400167485,
      "fcf_margin_change": -0.14337104497187728
    },
    {
      "date": "2022-06-30T00:00:00",
      "quarter_label": "2022-06 (Q2)",
      "revenue": 948300000,
      "gross_profit": null,
      "operating_income": 182500000,
      "net_income": 95600000,
      "opex": 765800000,
      "cogs": null,
      "rd": null,
      "sga": 327100000,
      "fcf": -189100000,
      "ocf": -126400000,
      "capex": -62700000,
      "gross_margin": null,
      "op_margin": 0.19244964673626488,
      "fcf_margin": -0.19940946957713804,
      "incr_op_margin_yoy": -0.2010338885697875,
      "rev_growth_yoy": 0.2248772926892276,
      "rev_growth_yoy_accel": -0.011269225491370827,
      "op_leverage_ratio": Infinity,
      "fcf_margin_change": -0.1479604301762914
    },
    {
      "date": "2022-09-30T00:00:00",
      "quarter_label": "2022-09 (Q3)",
      "revenue": 938200000,
      "gross_profit": null,
      "operating_income": 169500000,
      "net_income": 79200000,
      "opex": 768700000,
      "cogs": null,
      "rd": null,
      "sga": 333600000,
      "fcf": 119400000,
      "ocf": 190600000,
      "capex": -71200000,
      "gross_margin": null,
      "op_margin": 0.1806651033894692,
      "fcf_margin": 0.12726497548497123,
      "incr_op_margin_yoy": -0.13574351978171897,
      "rev_growth_yoy": 0.1851945426983325,
      "rev_growth_yoy_accel": -0.039682749990895105,
      "fcf_margin_change": 0.3266744450621093
    },
    {
      "date": "2022-12-31T00:00:00",
      "quarter_label": "2022-12 (Q4)",
      "revenue": 902100000,
      "gross_profit": null,
      "operating_income": 143500000,
      "net_income": 46400000,
      "opex": 758500000,
      "cogs": null,
      "rd": null,
      "sga": 317300000,
      "fcf": 116100000,
      "ocf": 221800000,
      "capex": -105700000,
      "gross_margin": null,
      "op_margin": 0.15907327347300743,
      "fcf_margin": 0.12869970069837047,
      "incr_op_margin_yoy": 0.26268922528940336,
      "rev_growth_yoy": 0.14218789566978982,
      "rev_growth_yoy_accel": -0.04300664702854268,
      "fcf_margin_change": 0.0014347252133992405
    },
    {
      "date": "2023-03-31T00:00:00",
      "quarter_label": "2023-03 (Q1)",
      "revenue": 940300000,
      "gross_profit": null,
      "operating_income": 145200000,
      "net_income": 52600000,
      "opex": 795100000,
      "cogs": null,
      "rd": null,
      "sga": 340500000,
      "fcf": 10900000,
      "ocf": 77400000,
      "capex": -66500000,
      "gross_margin": null,
      "op_margin": 0.15441880250983728,
      "fcf_margin": 0.011592045091991918,
      "incr_op_margin_yoy": 0.5368421052631579,
      "rev_growth_yoy": 0.020623032671225443,
      "rev_growth_yoy_accel": -0.12156486299856437,
      "op_leverage_ratio": 0.8775728521731019,
      "fcf_margin_change": -0.11710765560637855
    },
    {
      "date": "2023-06-30T00:00:00",
      "quarter_label": "2023-06 (Q2)",
      "revenue": 968000000,
      "gross_profit": null,
      "operating_income": 158400000,
      "net_income": 53900000,
      "opex": 809600000,
      "cogs": null,
      "rd": null,
      "sga": 314000000,
      "fcf": 138200000,
      "ocf": 215300000,
      "capex": -77100000,
      "gross_margin": null,
      "op_margin": 0.16363636363636364,
      "fcf_margin": 0.1427685950413223,
      "incr_op_margin_yoy": -1.2233502538071066,
      "rev_growth_yoy": 0.020774016661394074,
      "rev_growth_yoy_accel": 0.00015098399016863148,
      "op_leverage_ratio": 1.6153516669294832,
      "fcf_margin_change": 0.1311765499493304
    },
    {
      "date": "2023-09-30T00:00:00",
      "quarter_label": "2023-09 (Q3)",
      "revenue": 968700000,
      "gross_profit": null,
      "operating_income": -317300000,
      "net_income": -399800000,
      "opex": 1286000000,
      "cogs": null,
      "rd": null,
      "sga": 314800000,
      "fcf": 81300000,
      "ocf": 150900000,
      "capex": -69600000,
      "gross_margin": null,
      "op_margin": -0.3275523898007639,
      "fcf_margin": 0.0839269123567668,
      "incr_op_margin_yoy": -15.960655737704919,
      "rev_growth_yoy": 0.032509059901939884,
      "rev_growth_yoy_accel": 0.01173504324054581,
      "fcf_margin_change": -0.0588416826845555
    },
    {
      "date": "2023-12-31T00:00:00",
      "quarter_label": "2023-12 (Q4)",
      "revenue": 954300000,
      "gross_profit": null,
      "operating_income": 61300000,
      "net_income": 6100000,
      "opex": 812100000,
      "cogs": null,
      "rd": null,
      "sga": 240300000,
      "fcf": 104300000,
      "ocf": 201800000,
      "capex": -97500000,
      "gross_margin": null,
      "op_margin": 0.06423556533584826,
      "fcf_margin": 0.10929477103636173,
      "incr_op_margin_yoy": -1.5747126436781609,
      "rev_growth_yoy": 0.05786498170934486,
      "rev_growth_yoy_accel": 0.02535592180740498,
      "fcf_margin_change": 0.02536785867959493
    },
    {
      "date": "2024-03-31T00:00:00",
      "quarter_label": "2024-03 (Q1)",
      "revenue": 1021200000,
      "gross_profit": null,
      "operating_income": 157200000,
      "net_income": 65100000,
      "opex": 864100000,
      "cogs": null,
      "rd": null,
      "sga": 305600000,
      "fcf": -8400000,
      "ocf": 54000000,
      "capex": -62400000,
      "gross_margin": null,
      "op_margin": 0.15393654524089306,
      "fcf_margin": -0.008225616921269096,
      "incr_op_margin_yoy": 0.14833127317676142,
      "rev_growth_yoy": 0.0860363713708391,
      "rev_growth_yoy_accel": 0.028171389661494232,
      "op_leverage_ratio": 1.0948316929847897,
      "fcf_margin_change": -0.11752038795763083
    },
    {
      "date": "2024-06-30T00:00:00",
      "quarter_label": "2024-06 (Q2)",
      "revenue": 1040800000,
      "gross_profit": null,
      "operating_income": 182400000,
      "net_income": 85000000,
      "opex": 858400000,
      "cogs": null,
      "rd": null,
      "sga": 310800000,
      "fcf": 226900000,
      "ocf": 295200000,
      "capex": -68300000,
      "gross_margin": null,
      "op_margin": 0.17524980784012298,
      "fcf_margin": 0.2180053804765565,
      "incr_op_margin_yoy": 0.32967032967032966,
      "rev_growth_yoy": 0.07520661157024794,
      "rev_growth_yoy_accel": -0.010829759800591157,
      "op_leverage_ratio": Infinity,
      "fcf_margin_change": 0.2262309973978256
    },
    {
      "date": "2024-09-30T00:00:00",
      "quarter_label": "2024-09 (Q3)",
      "revenue": 1085000000,
      "gross_profit": null,
      "operating_income": 156400000,
      "net_income": 68000000,
      "opex": 928600000,
      "cogs": null,
      "rd": null,
      "sga": 305700000,
      "fcf": 161300000,
      "ocf": 229300000,
      "capex": -68000000,
      "gross_margin": null,
      "op_margin": 0.14414746543778803,
      "fcf_margin": 0.1486635944700461,
      "incr_op_margin_yoy": 4.073086844368014,
      "rev_growth_yoy": 0.1200578094353257,
      "rev_growth_yoy_accel": 0.044851197865077755,
      "op_leverage_ratio": 0.5192871580265892,
      "fcf_margin_change": -0.06934178600651039
    },
    {
      "date": "2024-12-31T00:00:00",
      "quarter_label": "2024-12 (Q4)",
      "revenue": 1036800000,
      "gross_profit": null,
      "operating_income": 170800000,
      "net_income": 66200000,
      "opex": 866100000,
      "cogs": null,
      "rd": null,
      "sga": 317200000,
      "fcf": 136900000,
      "ocf": 254000000,
      "capex": -117100000,
      "gross_margin": null,
      "op_margin": 0.16473765432098766,
      "fcf_margin": 0.1320408950617284,
      "incr_op_margin_yoy": 1.3272727272727274,
      "rev_growth_yoy": 0.08645080163470607,
      "rev_growth_yoy_accel": -0.03360700780061962,
      "fcf_margin_change": -0.016622699408317704
    },
    {
      "date": "2025-03-31T00:00:00",
      "quarter_label": "2025-03 (Q1)",
      "revenue": 1095700000,
      "gross_profit": null,
      "operating_income": 254400000,
      "net_income": 148100000,
      "opex": 841400000,
      "cogs": null,
      "rd": null,
      "sga": 256800000,
      "fcf": -15900000,
      "ocf": 52500000,
      "capex": -68400000,
      "gross_margin": null,
      "op_margin": 0.23218034133430684,
      "fcf_margin": -0.014511271333394178,
      "incr_op_margin_yoy": 1.3046979865771813,
      "rev_growth_yoy": 0.07295338817077948,
      "rev_growth_yoy_accel": -0.013497413463926591,
      "op_leverage_ratio": Infinity,
      "fcf_margin_change": -0.14655216639512256
    },
    {
      "date": "2025-06-30T00:00:00",
      "quarter_label": "2025-06 (Q2)",
      "revenue": 1139700000,
      "gross_profit": null,
      "operating_income": 192200000,
      "net_income": 109600000,
      "opex": 947500000,
      "cogs": null,
      "rd": null,
      "sga": 335000000,
      "fcf": 214300000,
      "ocf": 291300000,
      "capex": -77000000,
      "gross_margin": null,
      "op_margin": 0.1686408704044924,
      "fcf_margin": 0.1880319382293586,
      "incr_op_margin_yoy": 0.09908998988877654,
      "rev_growth_yoy": 0.09502305918524212,
      "rev_growth_yoy_accel": 0.02206967101446264,
      "op_leverage_ratio": 0.31845504881261055,
      "fcf_margin_change": 0.20254320956275276
    },
    {
      "date": "2025-09-30T00:00:00",
      "quarter_label": "2025-09 (Q3)",
      "revenue": 1169500000,
      "gross_profit": null,
      "operating_income": 207600000,
      "net_income": 96600000,
      "opex": 961900000,
      "cogs": null,
      "rd": null,
      "sga": 330800000,
      "fcf": 240400000,
      "ocf": 324300000,
      "capex": -83900000,
      "gross_margin": null,
      "op_margin": 0.17751175716117998,
      "fcf_margin": 0.20555793073963233,
      "incr_op_margin_yoy": 0.6059171597633136,
      "rev_growth_yoy": 0.07788018433179723,
      "rev_growth_yoy_accel": -0.017142874853444887,
      "op_leverage_ratio": 1.720451532079592,
      "fcf_margin_change": 0.01752599251027373
    }
  ],
  "signals": [
    {
      "quarter": "2025-09 (Q3)",
      "signal": "OPERATING LEVERAGE",
      "detail": "Rev growth +2.6% vs OpEx growth +1.5% (leverage: 1.7x)",
      "severity": "MEDIUM"
    },
    {
      "quarter": "2025-09 (Q3)",
      "signal": "INCREMENTAL MARGIN (YoY)",
      "detail": "YoY Incr OPM: +60.6% vs year-ago OPM: +14.4%",
      "severity": "HIGH"
    },
    {
      "quarter": "2025-06 (Q2)",
      "signal": "FCF TURNED POSITIVE",
      "detail": "FCF margin: -1.5% -> +18.8%",
      "severity": "HIGH"
    },
    {
      "quarter": "2025-03 (Q1)",
      "signal": "INCREMENTAL MARGIN (YoY)",
      "detail": "YoY Incr OPM: +130.5% vs year-ago OPM: +15.4%",
      "severity": "HIGH"
    },
    {
      "quarter": "2024-12 (Q4)",
      "signal": "INCREMENTAL MARGIN (YoY)",
      "detail": "YoY Incr OPM: +132.7% vs year-ago OPM: +6.4%",
      "severity": "HIGH"
    },
    {
      "quarter": "2024-09 (Q3)",
      "signal": "OP MARGIN TURNED POSITIVE (YoY)",
      "detail": "Op margin: -32.8% (year-ago) -> +14.4%",
      "severity": "HIGH"
    },
    {
      "quarter": "2024-06 (Q2)",
      "signal": "FCF TURNED POSITIVE",
      "detail": "FCF margin: -0.8% -> +21.8%",
      "severity": "HIGH"
    },
    {
      "quarter": "2024-06 (Q2)",
      "signal": "INCREMENTAL MARGIN (YoY)",
      "detail": "YoY Incr OPM: +33.0% vs year-ago OPM: +16.4%",
      "severity": "MEDIUM"
    },
    {
      "quarter": "2023-12 (Q4)",
      "signal": "OP MARGIN TURNED POSITIVE (QoQ)",
      "detail": "Op margin: -32.8% -> +6.4%",
      "severity": "HIGH"
    },
    {
      "quarter": "2023-06 (Q2)",
      "signal": "FCF MARGIN EXPANSION",
      "detail": "FCF margin: +1.2% -> +14.3% (+13.1%)",
      "severity": "MEDIUM"
    },
    {
      "quarter": "2023-06 (Q2)",
      "signal": "OPERATING LEVERAGE",
      "detail": "Rev growth +2.9% vs OpEx growth +1.8% (leverage: 1.6x)",
      "severity": "MEDIUM"
    },
    {
      "quarter": "2023-03 (Q1)",
      "signal": "YoY REVENUE GROWTH DECELERATION",
      "detail": "YoY growth: +2.1% vs prior quarter YoY: +14.2% (decel: -12.2%)",
      "severity": "WARNING"
    },
    {
      "quarter": "2023-03 (Q1)",
      "signal": "INCREMENTAL MARGIN (YoY)",
      "detail": "YoY Incr OPM: +53.7% vs year-ago OPM: +14.7%",
      "severity": "HIGH"
    },
    {
      "quarter": "2022-12 (Q4)",
      "signal": "INCREMENTAL MARGIN (YoY)",
      "detail": "YoY Incr OPM: +26.3% vs year-ago OPM: +14.4%",
      "severity": "MEDIUM"
    },
    {
      "quarter": "2022-09 (Q3)",
      "signal": "FCF TURNED POSITIVE",
      "detail": "FCF margin: -19.9% -> +12.7%",
      "severity": "HIGH"
    },
    {
      "quarter": "2022-03 (Q1)",
      "signal": "YoY REVENUE GROWTH ACCELERATION",
      "detail": "YoY growth: +23.6% vs prior quarter YoY: +13.1% (accel: +10.6%)",
      "severity": "MEDIUM"
    },
    {
      "quarter": "2021-06 (Q2)",
      "signal": "FCF MARGIN EXPANSION",
      "detail": "FCF margin: +14.0% -> +23.7% (+9.7%)",
      "severity": "MEDIUM"
    },
    {
      "quarter": "2021-03 (Q1)",
      "signal": "OPERATING LEVERAGE",
      "detail": "Rev growth +6.7% vs OpEx growth +2.0% (leverage: 3.4x)",
      "severity": "MEDIUM"
    }
  ],
  "data_quality": {
    "n_quarters": 20,
    "coverage": {
      "revenue": [
        20,
        20
      ],
      "gross_profit": [
        0,
        20
      ],
      "op_income": [
        20,
        20
      ],
      "fcf": [
        20,
        20
      ]
    },
    "gaps": [],
    "warnings": [
      "gross_profit: no data"
    ]
  },
  "market_cap": null,
  "source": "SEC EDGAR",
  "last_updated": "2026-02-02T20:24:22.335744"
}