{
  "ticker": "TRUE",
  "name": "TrueCar, Inc.",
  "quarters": [
    {
      "date": "2020-12-31T00:00:00",
      "quarter_label": "2020-12 (Q4)",
      "revenue": 63960000,
      "gross_profit": 58814000,
      "operating_income": -6767000,
      "net_income": 86866000,
      "opex": 70727000,
      "cogs": 5146000,
      "rd": null,
      "sga": null,
      "fcf": 13166000,
      "ocf": 15423000,
      "capex": -2257000,
      "gross_margin": 0.9195434646654159,
      "op_margin": -0.10580050031269543,
      "fcf_margin": 0.20584740462789244
    },
    {
      "date": "2021-03-31T00:00:00",
      "quarter_label": "2021-03 (Q1)",
      "revenue": 65105000,
      "gross_profit": 59647000,
      "operating_income": -8635000,
      "net_income": -8418000,
      "opex": 73740000,
      "cogs": 5458000,
      "rd": null,
      "sga": null,
      "fcf": 2663000,
      "ocf": 5479000,
      "capex": -2816000,
      "gross_margin": 0.9161661930727286,
      "op_margin": -0.13263190231165042,
      "fcf_margin": 0.04090315643959757,
      "op_leverage_ratio": 0.42022621070628485,
      "fcf_margin_change": -0.16494424818829487
    },
    {
      "date": "2021-06-30T00:00:00",
      "quarter_label": "2021-06 (Q2)",
      "revenue": 65766000,
      "gross_profit": 60020000,
      "operating_income": -6680000,
      "net_income": -7283000,
      "opex": 72446000,
      "cogs": 5746000,
      "rd": null,
      "sga": null,
      "fcf": 6915000,
      "ocf": 9509000,
      "capex": -2594000,
      "gross_margin": 0.9126296262506463,
      "op_margin": -0.10157224097558008,
      "fcf_margin": 0.10514551592008028,
      "op_leverage_ratio": Infinity,
      "fcf_margin_change": 0.06424235948048271
    },
    {
      "date": "2021-09-30T00:00:00",
      "quarter_label": "2021-09 (Q3)",
      "revenue": 54966000,
      "gross_profit": 49251000,
      "operating_income": -6827000,
      "net_income": -6836000,
      "opex": 61793000,
      "cogs": 5715000,
      "rd": null,
      "sga": null,
      "fcf": -1637000,
      "ocf": 1009000,
      "capex": -2646000,
      "gross_margin": 0.8960266346468726,
      "op_margin": -0.12420405341483827,
      "fcf_margin": -0.029782047083651713,
      "fcf_margin_change": -0.134927563003732
    },
    {
      "date": "2021-12-31T00:00:00",
      "quarter_label": "2021-12 (Q4)",
      "revenue": 45861000,
      "gross_profit": 40541000,
      "operating_income": -11336000,
      "net_income": -15792000,
      "opex": 57197000,
      "cogs": 5320000,
      "rd": null,
      "sga": null,
      "fcf": -4436000,
      "ocf": -1803000,
      "capex": -2633000,
      "gross_margin": 0.88399729617758,
      "op_margin": -0.2471817012276226,
      "fcf_margin": -0.09672706657072458,
      "incr_op_margin_yoy": 0.2524448864578154,
      "rev_growth_yoy": -0.2829737335834897,
      "fcf_margin_change": -0.06694501948707286
    },
    {
      "date": "2022-03-31T00:00:00",
      "quarter_label": "2022-03 (Q1)",
      "revenue": 43533000,
      "gross_profit": 38587000,
      "operating_income": -14133000,
      "net_income": -12414000,
      "opex": 57666000,
      "cogs": 4946000,
      "rd": null,
      "sga": null,
      "fcf": -10844000,
      "ocf": -7465000,
      "capex": -3379000,
      "gross_margin": 0.8863850412330876,
      "op_margin": -0.3246502653159672,
      "fcf_margin": -0.2490983851331174,
      "incr_op_margin_yoy": 0.25486742073057667,
      "rev_growth_yoy": -0.331341678826511,
      "rev_growth_yoy_accel": -0.04836794524302129,
      "fcf_margin_change": -0.15237131856239283
    },
    {
      "date": "2022-06-30T00:00:00",
      "quarter_label": "2022-06 (Q2)",
      "revenue": 42275000,
      "gross_profit": 38458000,
      "operating_income": -13968000,
      "net_income": -11019000,
      "opex": 56243000,
      "cogs": 3817000,
      "rd": null,
      "sga": null,
      "fcf": -8586000,
      "ocf": -6085000,
      "capex": -2501000,
      "gross_margin": 0.9097102306327617,
      "op_margin": -0.330408042578356,
      "fcf_margin": -0.20309875813128325,
      "incr_op_margin_yoy": 0.31024647737431355,
      "rev_growth_yoy": -0.3571906456223581,
      "rev_growth_yoy_accel": -0.025848966795847084,
      "fcf_margin_change": 0.04599962700183416
    },
    {
      "date": "2022-09-30T00:00:00",
      "quarter_label": "2022-09 (Q3)",
      "revenue": 39052000,
      "gross_profit": 35172000,
      "operating_income": -78123000,
      "net_income": -77113000,
      "opex": 117175000,
      "cogs": 3880000,
      "rd": null,
      "sga": null,
      "fcf": -9114000,
      "ocf": -6662000,
      "capex": -2452000,
      "gross_margin": 0.9006452934548806,
      "op_margin": -2.0004865307794737,
      "fcf_margin": -0.23338113284850967,
      "incr_op_margin_yoy": 4.48008043232374,
      "rev_growth_yoy": -0.2895244332860314,
      "rev_growth_yoy_accel": 0.06766621233632669,
      "fcf_margin_change": -0.030282374717226418
    },
    {
      "date": "2022-12-31T00:00:00",
      "quarter_label": "2022-12 (Q4)",
      "revenue": 36664000,
      "gross_profit": 33094000,
      "operating_income": -19471000,
      "net_income": -18139000,
      "opex": 56135000,
      "cogs": 3570000,
      "rd": null,
      "sga": null,
      "fcf": -12273000,
      "ocf": -8925000,
      "capex": -3348000,
      "gross_margin": 0.9026292821296095,
      "op_margin": -0.5310658957015055,
      "fcf_margin": -0.33474252672921667,
      "incr_op_margin_yoy": 0.8845275633358703,
      "rev_growth_yoy": -0.20054076448398422,
      "rev_growth_yoy_accel": 0.08898366880204717,
      "fcf_margin_change": -0.101361393880707
    },
    {
      "date": "2023-03-31T00:00:00",
      "quarter_label": "2023-03 (Q1)",
      "revenue": 36980000,
      "gross_profit": 33134000,
      "operating_income": -21167000,
      "net_income": -19565000,
      "opex": 58147000,
      "cogs": 3846000,
      "rd": null,
      "sga": null,
      "fcf": -15956000,
      "ocf": -12101000,
      "capex": -3855000,
      "gross_margin": 0.8959978366684694,
      "op_margin": -0.5723904813412656,
      "fcf_margin": -0.4314764737696052,
      "incr_op_margin_yoy": 1.0734014954982452,
      "rev_growth_yoy": -0.15052948338042405,
      "rev_growth_yoy_accel": 0.05001128110356018,
      "fcf_margin_change": -0.09673394704038851
    },
    {
      "date": "2023-06-30T00:00:00",
      "quarter_label": "2023-06 (Q2)",
      "revenue": 39293000,
      "gross_profit": 35362000,
      "operating_income": -22147000,
      "net_income": -20424000,
      "opex": 61440000,
      "cogs": 3931000,
      "rd": null,
      "sga": null,
      "fcf": -13234000,
      "ocf": -9991000,
      "capex": -3243000,
      "gross_margin": 0.8999567352963632,
      "op_margin": -0.5636372890845698,
      "fcf_margin": -0.33680299289949867,
      "incr_op_margin_yoy": 2.742790073775989,
      "rev_growth_yoy": -0.07053814311058546,
      "rev_growth_yoy_accel": 0.07999134026983859,
      "op_leverage_ratio": 1.1044455461106428,
      "fcf_margin_change": 0.09467348087010652
    },
    {
      "date": "2023-09-30T00:00:00",
      "quarter_label": "2023-09 (Q3)",
      "revenue": 41146000,
      "gross_profit": 37333000,
      "operating_income": -9580000,
      "net_income": -7875000,
      "opex": 50726000,
      "cogs": 3813000,
      "rd": null,
      "sga": null,
      "fcf": 3106000,
      "ocf": 5477000,
      "capex": -2371000,
      "gross_margin": 0.9073299956253342,
      "op_margin": -0.23282943664025665,
      "fcf_margin": 0.07548728916541098,
      "incr_op_margin_yoy": 32.73304680038204,
      "rev_growth_yoy": 0.053620813274608214,
      "rev_growth_yoy_accel": 0.12415895638519367,
      "op_leverage_ratio": Infinity,
      "fcf_margin_change": 0.41229028206490964
    },
    {
      "date": "2023-12-31T00:00:00",
      "quarter_label": "2023-12 (Q4)",
      "revenue": 41287000,
      "gross_profit": 37021000,
      "operating_income": -3573000,
      "net_income": -1902000,
      "opex": 44860000,
      "cogs": 4266000,
      "rd": null,
      "sga": null,
      "fcf": -8139000,
      "ocf": -5799000,
      "capex": -2340000,
      "gross_margin": 0.8966744980260131,
      "op_margin": -0.0865405575604912,
      "fcf_margin": -0.1971322692372902,
      "incr_op_margin_yoy": 3.4388924940514816,
      "rev_growth_yoy": 0.12609098843552258,
      "rev_growth_yoy_accel": 0.07247017516091436,
      "fcf_margin_change": -0.27261955840270113
    },
    {
      "date": "2024-03-31T00:00:00",
      "quarter_label": "2024-03 (Q1)",
      "revenue": 41052000,
      "gross_profit": 36791000,
      "operating_income": -7485000,
      "net_income": -5848000,
      "opex": 48537000,
      "cogs": 4261000,
      "rd": null,
      "sga": null,
      "fcf": -511000,
      "ocf": 2049000,
      "capex": -2560000,
      "gross_margin": 0.8962048134073858,
      "op_margin": -0.18232972814966383,
      "fcf_margin": -0.012447627399395889,
      "incr_op_margin_yoy": 3.3600196463654224,
      "rev_growth_yoy": 0.11011357490535424,
      "rev_growth_yoy_accel": -0.015977413530168336,
      "fcf_margin_change": 0.1846846418378943
    },
    {
      "date": "2024-06-30T00:00:00",
      "quarter_label": "2024-06 (Q2)",
      "revenue": 41795000,
      "gross_profit": 36311000,
      "operating_income": -15189000,
      "net_income": -13520000,
      "opex": 56984000,
      "cogs": 5484000,
      "rd": null,
      "sga": null,
      "fcf": -3624000,
      "ocf": -2003000,
      "capex": -1621000,
      "gross_margin": 0.8687881325517406,
      "op_margin": -0.3634166766359612,
      "fcf_margin": -0.08670893647565499,
      "incr_op_margin_yoy": 2.780975219824141,
      "rev_growth_yoy": 0.0636754638230728,
      "rev_growth_yoy_accel": -0.046438111082281436,
      "op_leverage_ratio": 0.10399798603234288,
      "fcf_margin_change": -0.0742613090762591
    },
    {
      "date": "2024-09-30T00:00:00",
      "quarter_label": "2024-09 (Q3)",
      "revenue": 46544000,
      "gross_profit": 38808000,
      "operating_income": -7388000,
      "net_income": -5831000,
      "opex": 53932000,
      "cogs": 7736000,
      "rd": null,
      "sga": null,
      "fcf": -170000,
      "ocf": 1800000,
      "capex": -1970000,
      "gross_margin": 0.833791680990031,
      "op_margin": -0.15873152286008937,
      "fcf_margin": -0.003652457889309041,
      "incr_op_margin_yoy": 0.4060763245646536,
      "rev_growth_yoy": 0.13119136732610703,
      "rev_growth_yoy_accel": 0.06751590350303423,
      "op_leverage_ratio": Infinity,
      "fcf_margin_change": 0.08305647858634595
    },
    {
      "date": "2024-12-31T00:00:00",
      "quarter_label": "2024-12 (Q4)",
      "revenue": 46207000,
      "gross_profit": 37300000,
      "operating_income": -7118000,
      "net_income": -5849000,
      "opex": 53325000,
      "cogs": 8907000,
      "rd": null,
      "sga": null,
      "fcf": 4146000,
      "ocf": 5855000,
      "capex": -1709000,
      "gross_margin": 0.8072369987231371,
      "op_margin": -0.1540459237777826,
      "fcf_margin": 0.08972666479104897,
      "incr_op_margin_yoy": -0.7205284552845529,
      "rev_growth_yoy": 0.11916583912611718,
      "rev_growth_yoy_accel": -0.012025528199989852,
      "fcf_margin_change": 0.09337912268035801
    },
    {
      "date": "2025-03-31T00:00:00",
      "quarter_label": "2025-03 (Q1)",
      "revenue": 44810000,
      "gross_profit": 35920000,
      "operating_income": -11198000,
      "net_income": -10136000,
      "opex": 56008000,
      "cogs": 8890000,
      "rd": null,
      "sga": null,
      "fcf": -10570000,
      "ocf": -7895000,
      "capex": -2675000,
      "gross_margin": 0.8016067841999553,
      "op_margin": -0.2498995759875028,
      "fcf_margin": -0.23588484713233654,
      "incr_op_margin_yoy": -0.9880255455029271,
      "rev_growth_yoy": 0.09154243398616389,
      "rev_growth_yoy_accel": -0.02762340513995329,
      "fcf_margin_change": -0.3256115119233855
    },
    {
      "date": "2025-06-30T00:00:00",
      "quarter_label": "2025-06 (Q2)",
      "revenue": 46998000,
      "gross_profit": 35849000,
      "operating_income": -8579000,
      "net_income": -7627000,
      "opex": 55577000,
      "cogs": 11149000,
      "rd": null,
      "sga": null,
      "fcf": -4792000,
      "ocf": -2827000,
      "capex": -1965000,
      "gross_margin": 0.7627771394527427,
      "op_margin": -0.18253968253968253,
      "fcf_margin": -0.1019617856078982,
      "incr_op_margin_yoy": 1.2704209110128772,
      "rev_growth_yoy": 0.12448857518841967,
      "rev_growth_yoy_accel": 0.03294614120225578,
      "op_leverage_ratio": Infinity,
      "fcf_margin_change": 0.13392306152443834
    },
    {
      "date": "2025-09-30T00:00:00",
      "quarter_label": "2025-09 (Q3)",
      "revenue": 43207000,
      "gross_profit": 34403000,
      "operating_income": -7348000,
      "net_income": 4997000,
      "opex": 50555000,
      "cogs": 8804000,
      "rd": null,
      "sga": null,
      "fcf": 11197000,
      "ocf": 12722000,
      "capex": -1525000,
      "gross_margin": 0.7962367209017057,
      "op_margin": -0.17006503575809476,
      "fcf_margin": 0.25914782326937763,
      "incr_op_margin_yoy": -0.01198681450404555,
      "rev_growth_yoy": -0.0716955998624957,
      "rev_growth_yoy_accel": -0.19618417505091537,
      "fcf_margin_change": 0.36110960887727583
    }
  ],
  "signals": [
    {
      "quarter": "2025-09 (Q3)",
      "signal": "FCF TURNED POSITIVE",
      "detail": "FCF margin: -10.2% -> +25.9%",
      "severity": "HIGH"
    },
    {
      "quarter": "2025-09 (Q3)",
      "signal": "GROSS MARGIN INFLECTION",
      "detail": "GM: +80.2% -> +76.3% -> +79.6% (reversal +3.3%)",
      "severity": "MEDIUM"
    },
    {
      "quarter": "2025-09 (Q3)",
      "signal": "YoY REVENUE GROWTH DECELERATION",
      "detail": "YoY growth: -7.2% vs prior quarter YoY: +12.4% (decel: -19.6%)",
      "severity": "WARNING"
    },
    {
      "quarter": "2025-06 (Q2)",
      "signal": "FCF MARGIN EXPANSION",
      "detail": "FCF margin: -23.6% -> -10.2% (+13.4%)",
      "severity": "MEDIUM"
    },
    {
      "quarter": "2024-12 (Q4)",
      "signal": "FCF TURNED POSITIVE",
      "detail": "FCF margin: -0.4% -> +9.0%",
      "severity": "HIGH"
    },
    {
      "quarter": "2024-09 (Q3)",
      "signal": "FCF MARGIN EXPANSION",
      "detail": "FCF margin: -8.7% -> -0.4% (+8.3%)",
      "severity": "MEDIUM"
    },
    {
      "quarter": "2024-09 (Q3)",
      "signal": "YoY REVENUE GROWTH ACCELERATION",
      "detail": "YoY growth: +13.1% vs prior quarter YoY: +6.4% (accel: +6.8%)",
      "severity": "MEDIUM"
    },
    {
      "quarter": "2024-03 (Q1)",
      "signal": "FCF MARGIN EXPANSION",
      "detail": "FCF margin: -19.7% -> -1.2% (+18.5%)",
      "severity": "MEDIUM"
    },
    {
      "quarter": "2023-12 (Q4)",
      "signal": "YoY REVENUE GROWTH ACCELERATION",
      "detail": "YoY growth: +12.6% vs prior quarter YoY: +5.4% (accel: +7.2%)",
      "severity": "MEDIUM"
    },
    {
      "quarter": "2023-09 (Q3)",
      "signal": "FCF TURNED POSITIVE",
      "detail": "FCF margin: -33.7% -> +7.5%",
      "severity": "HIGH"
    },
    {
      "quarter": "2023-09 (Q3)",
      "signal": "YoY REVENUE GROWTH ACCELERATION",
      "detail": "YoY growth: +5.4% vs prior quarter YoY: -7.1% (accel: +12.4%)",
      "severity": "MEDIUM"
    },
    {
      "quarter": "2023-06 (Q2)",
      "signal": "FCF MARGIN EXPANSION",
      "detail": "FCF margin: -43.1% -> -33.7% (+9.5%)",
      "severity": "MEDIUM"
    },
    {
      "quarter": "2023-06 (Q2)",
      "signal": "YoY REVENUE GROWTH ACCELERATION",
      "detail": "YoY growth: -7.1% vs prior quarter YoY: -15.1% (accel: +8.0%)",
      "severity": "MEDIUM"
    },
    {
      "quarter": "2023-03 (Q1)",
      "signal": "YoY REVENUE GROWTH ACCELERATION",
      "detail": "YoY growth: -15.1% vs prior quarter YoY: -20.1% (accel: +5.0%)",
      "severity": "MEDIUM"
    },
    {
      "quarter": "2022-12 (Q4)",
      "signal": "YoY REVENUE GROWTH ACCELERATION",
      "detail": "YoY growth: -20.1% vs prior quarter YoY: -29.0% (accel: +8.9%)",
      "severity": "MEDIUM"
    },
    {
      "quarter": "2022-09 (Q3)",
      "signal": "YoY REVENUE GROWTH ACCELERATION",
      "detail": "YoY growth: -29.0% vs prior quarter YoY: -35.7% (accel: +6.8%)",
      "severity": "MEDIUM"
    },
    {
      "quarter": "2021-06 (Q2)",
      "signal": "FCF MARGIN EXPANSION",
      "detail": "FCF margin: +4.1% -> +10.5% (+6.4%)",
      "severity": "MEDIUM"
    }
  ],
  "data_quality": {
    "n_quarters": 20,
    "coverage": {
      "revenue": [
        20,
        20
      ],
      "gross_profit": [
        20,
        20
      ],
      "op_income": [
        20,
        20
      ],
      "fcf": [
        20,
        20
      ]
    },
    "gaps": [],
    "warnings": []
  },
  "market_cap": null,
  "source": "SEC EDGAR",
  "last_updated": "2026-02-03T00:57:54.971944"
}