{
  "ticker": "TRUP",
  "name": "TRUPANION, INC.",
  "quarters": [
    {
      "date": "2020-12-31T00:00:00",
      "quarter_label": "2020-12 (Q4)",
      "revenue": 142687000,
      "gross_profit": 23593000,
      "operating_income": -3169000,
      "net_income": null,
      "opex": 26720000,
      "cogs": 119094000,
      "rd": null,
      "sga": null,
      "fcf": 1025000,
      "ocf": 3964000,
      "capex": -2939000,
      "gross_margin": 0.16534792938389622,
      "op_margin": -0.02220945145668491,
      "fcf_margin": 0.007183555614737152
    },
    {
      "date": "2021-03-31T00:00:00",
      "quarter_label": "2021-03 (Q1)",
      "revenue": 154685000,
      "gross_profit": 21100000,
      "operating_income": -12729000,
      "net_income": null,
      "opex": 33744000,
      "cogs": 133585000,
      "rd": null,
      "sga": null,
      "fcf": -4618000,
      "ocf": -1735000,
      "capex": -2883000,
      "gross_margin": 0.13640624494941334,
      "op_margin": -0.08228981478488541,
      "fcf_margin": -0.029854219866179657,
      "op_leverage_ratio": 0.3198721294373672,
      "fcf_margin_change": -0.03703777548091681
    },
    {
      "date": "2021-06-30T00:00:00",
      "quarter_label": "2021-06 (Q2)",
      "revenue": 168260000,
      "gross_profit": 24545000,
      "operating_income": -9512000,
      "net_income": null,
      "opex": 34062000,
      "cogs": 143715000,
      "rd": null,
      "sga": null,
      "fcf": -5074000,
      "ocf": -2187000,
      "capex": -2887000,
      "gross_margin": 0.14587543088077976,
      "op_margin": -0.056531558302626884,
      "fcf_margin": -0.030155711399025318,
      "op_leverage_ratio": 9.31238835344623,
      "fcf_margin_change": -0.0003014915328456609
    },
    {
      "date": "2021-09-30T00:00:00",
      "quarter_label": "2021-09 (Q3)",
      "revenue": 181667000,
      "gross_profit": 28166000,
      "operating_income": -7192000,
      "net_income": null,
      "opex": 35289000,
      "cogs": 153501000,
      "rd": null,
      "sga": null,
      "fcf": 3457000,
      "ocf": 6224000,
      "capex": -2767000,
      "gross_margin": 0.15504191735428008,
      "op_margin": -0.03958891818547122,
      "fcf_margin": 0.019029322881976365,
      "op_leverage_ratio": 2.211955098016023,
      "fcf_margin_change": 0.04918503428100168
    },
    {
      "date": "2021-12-31T00:00:00",
      "quarter_label": "2021-12 (Q4)",
      "revenue": 194379000,
      "gross_profit": 30535000,
      "operating_income": -5763000,
      "net_income": null,
      "opex": 36276000,
      "cogs": 163844000,
      "rd": null,
      "sga": null,
      "fcf": 1338000,
      "ocf": 5156000,
      "capex": -3818000,
      "gross_margin": 0.15709001486786123,
      "op_margin": -0.02964826447301406,
      "fcf_margin": 0.006883459632985044,
      "incr_op_margin_yoy": -0.05018184632051381,
      "rev_growth_yoy": 0.3622754700848711,
      "op_leverage_ratio": 2.501842920686423,
      "fcf_margin_change": -0.01214586324899132
    },
    {
      "date": "2022-03-31T00:00:00",
      "quarter_label": "2022-03 (Q1)",
      "revenue": 205999000,
      "gross_profit": 29894000,
      "operating_income": -9114000,
      "net_income": null,
      "opex": 38939000,
      "cogs": 176105000,
      "rd": null,
      "sga": null,
      "fcf": -7143000,
      "ocf": -3590000,
      "capex": -3553000,
      "gross_margin": 0.1451172093068413,
      "op_margin": -0.04424293321812242,
      "fcf_margin": -0.03467492560643498,
      "incr_op_margin_yoy": 0.07044861051564875,
      "rev_growth_yoy": 0.3317322300158386,
      "rev_growth_yoy_accel": -0.030543240069032473,
      "op_leverage_ratio": 0.8143385817855052,
      "fcf_margin_change": -0.04155838523942003
    },
    {
      "date": "2022-06-30T00:00:00",
      "quarter_label": "2022-06 (Q2)",
      "revenue": 219411000,
      "gross_profit": 28583000,
      "operating_income": -12771000,
      "net_income": null,
      "opex": 41312000,
      "cogs": 190828000,
      "rd": null,
      "sga": null,
      "fcf": -7056000,
      "ocf": -3130000,
      "capex": -3926000,
      "gross_margin": 0.1302714996057627,
      "op_margin": -0.05820583288896181,
      "fcf_margin": -0.032158825218425696,
      "incr_op_margin_yoy": -0.06371331938769526,
      "rev_growth_yoy": 0.3039997622726732,
      "rev_growth_yoy_accel": -0.0277324677431654,
      "op_leverage_ratio": 1.068354758029942,
      "fcf_margin_change": 0.0025161003880092847
    },
    {
      "date": "2022-09-30T00:00:00",
      "quarter_label": "2022-09 (Q3)",
      "revenue": 233760000,
      "gross_profit": 30059000,
      "operating_income": -11899000,
      "net_income": null,
      "opex": 41901000,
      "cogs": 203701000,
      "rd": null,
      "sga": null,
      "fcf": -6430000,
      "ocf": -2299000,
      "capex": -4131000,
      "gross_margin": 0.128589151266256,
      "op_margin": -0.05090263518138261,
      "fcf_margin": -0.02750684462696783,
      "incr_op_margin_yoy": -0.0903576296239418,
      "rev_growth_yoy": 0.28674993256893105,
      "rev_growth_yoy_accel": -0.01724982970374217,
      "op_leverage_ratio": 4.586951673572678,
      "fcf_margin_change": 0.004651980591457865
    },
    {
      "date": "2022-12-31T00:00:00",
      "quarter_label": "2022-12 (Q4)",
      "revenue": 246009000,
      "gross_profit": 33649000,
      "operating_income": -9217000,
      "net_income": null,
      "opex": 42781000,
      "cogs": 212360000,
      "rd": null,
      "sga": null,
      "fcf": -4459000,
      "ocf": 1019000,
      "capex": -5478000,
      "gross_margin": 0.1367795487156974,
      "op_margin": -0.03746610896349321,
      "fcf_margin": -0.018125353137486838,
      "incr_op_margin_yoy": -0.06689908967654465,
      "rev_growth_yoy": 0.26561511274366056,
      "rev_growth_yoy_accel": -0.02113481982527049,
      "op_leverage_ratio": 2.495009202328729,
      "fcf_margin_change": 0.009381491489480993
    },
    {
      "date": "2023-03-31T00:00:00",
      "quarter_label": "2023-03 (Q1)",
      "revenue": 256329000,
      "gross_profit": 26346000,
      "operating_income": -24486000,
      "net_income": null,
      "opex": 50761000,
      "cogs": 229983000,
      "rd": null,
      "sga": null,
      "fcf": -12046000,
      "ocf": -6862000,
      "capex": -5184000,
      "gross_margin": 0.10278197160680219,
      "op_margin": -0.09552567208548389,
      "fcf_margin": -0.04699429249129049,
      "incr_op_margin_yoy": -0.30542420027816414,
      "rev_growth_yoy": 0.24432157437657465,
      "rev_growth_yoy_accel": -0.021293538367085918,
      "op_leverage_ratio": 0.22489341654686695,
      "fcf_margin_change": -0.02886893935380365
    },
    {
      "date": "2023-06-30T00:00:00",
      "quarter_label": "2023-06 (Q2)",
      "revenue": 270566000,
      "gross_profit": 29373000,
      "operating_income": -13090000,
      "net_income": null,
      "opex": 42390000,
      "cogs": 241193000,
      "rd": null,
      "sga": null,
      "fcf": -8140000,
      "ocf": -3405000,
      "capex": -4735000,
      "gross_margin": 0.10856131221217744,
      "op_margin": -0.04838006253557357,
      "fcf_margin": -0.030085080904474325,
      "incr_op_margin_yoy": -0.006235949565047405,
      "rev_growth_yoy": 0.23314692517695101,
      "rev_growth_yoy_accel": -0.011174649199623632,
      "op_leverage_ratio": Infinity,
      "fcf_margin_change": 0.016909211586816162
    },
    {
      "date": "2023-09-30T00:00:00",
      "quarter_label": "2023-09 (Q3)",
      "revenue": 285853000,
      "gross_profit": 35233000,
      "operating_income": -3491000,
      "net_income": null,
      "opex": 38728000,
      "cogs": 250620000,
      "rd": null,
      "sga": null,
      "fcf": 7007000,
      "ocf": 11398000,
      "capex": -4391000,
      "gross_margin": 0.12325565937737229,
      "op_margin": -0.012212570796878116,
      "fcf_margin": 0.02451259913312087,
      "incr_op_margin_yoy": 0.1614036434837694,
      "rev_growth_yoy": 0.22284822039698837,
      "rev_growth_yoy_accel": -0.010298704779962642,
      "op_leverage_ratio": Infinity,
      "fcf_margin_change": 0.0545976800375952
    },
    {
      "date": "2023-12-31T00:00:00",
      "quarter_label": "2023-12 (Q4)",
      "revenue": 295857000,
      "gross_profit": 40064000,
      "operating_income": 408000,
      "net_income": null,
      "opex": 39577000,
      "cogs": 255793000,
      "rd": null,
      "sga": null,
      "fcf": 13537000,
      "ocf": 17507000,
      "capex": -3970000,
      "gross_margin": 0.13541677229201945,
      "op_margin": 0.0013790446060089842,
      "fcf_margin": 0.04575521282241082,
      "incr_op_margin_yoy": 0.19308698443267533,
      "rev_growth_yoy": 0.2026267331682987,
      "rev_growth_yoy_accel": -0.02022148722868966,
      "op_leverage_ratio": 1.5964242199046048,
      "fcf_margin_change": 0.021242613689289952
    },
    {
      "date": "2024-03-31T00:00:00",
      "quarter_label": "2024-03 (Q1)",
      "revenue": 306121000,
      "gross_profit": 36227000,
      "operating_income": -6137000,
      "net_income": null,
      "opex": 42261000,
      "cogs": 269894000,
      "rd": null,
      "sga": null,
      "fcf": -631000,
      "ocf": 2434000,
      "capex": -3065000,
      "gross_margin": 0.11834209348590917,
      "op_margin": -0.02004762822544027,
      "fcf_margin": -0.0020612764233750706,
      "incr_op_margin_yoy": 0.3685130141388175,
      "rev_growth_yoy": 0.19425035793843068,
      "rev_growth_yoy_accel": -0.008376375229868033,
      "op_leverage_ratio": 0.5115583213618723,
      "fcf_margin_change": -0.047816489245785895
    },
    {
      "date": "2024-06-30T00:00:00",
      "quarter_label": "2024-06 (Q2)",
      "revenue": 314800000,
      "gross_profit": 40269000,
      "operating_income": -5471000,
      "net_income": null,
      "opex": 45693000,
      "cogs": 274531000,
      "rd": null,
      "sga": null,
      "fcf": 3976000,
      "ocf": 6856000,
      "capex": -2880000,
      "gross_margin": 0.12791931385006353,
      "op_margin": -0.017379288437102923,
      "fcf_margin": 0.012630241423125793,
      "incr_op_margin_yoy": 0.17224307094090519,
      "rev_growth_yoy": 0.16348691262021098,
      "rev_growth_yoy_accel": -0.0307634453182197,
      "op_leverage_ratio": 0.34911543901820624,
      "fcf_margin_change": 0.014691517846500864
    },
    {
      "date": "2024-09-30T00:00:00",
      "quarter_label": "2024-09 (Q3)",
      "revenue": 327456000,
      "gross_profit": 49379000,
      "operating_income": 1746000,
      "net_income": null,
      "opex": 47599000,
      "cogs": 278077000,
      "rd": null,
      "sga": null,
      "fcf": 13382000,
      "ocf": 15295000,
      "capex": -1913000,
      "gross_margin": 0.15079583211179517,
      "op_margin": 0.005332014072119613,
      "fcf_margin": 0.04086655917130851,
      "incr_op_margin_yoy": 0.1258803451674158,
      "rev_growth_yoy": 0.14553984040748216,
      "rev_growth_yoy_accel": -0.017947072212728815,
      "op_leverage_ratio": 0.963803544214685,
      "fcf_margin_change": 0.02823631774818272
    },
    {
      "date": "2024-12-31T00:00:00",
      "quarter_label": "2024-12 (Q4)",
      "revenue": 337307000,
      "gross_profit": 52923000,
      "operating_income": 348000,
      "net_income": null,
      "opex": 52577000,
      "cogs": 284384000,
      "rd": null,
      "sga": null,
      "fcf": 21844000,
      "ocf": 23702000,
      "capex": -1858000,
      "gross_margin": 0.15689861165051422,
      "op_margin": 0.0010317010912907233,
      "fcf_margin": 0.06475999608665103,
      "incr_op_margin_yoy": -0.0014475271411338963,
      "rev_growth_yoy": 0.1401014679389029,
      "rev_growth_yoy_accel": -0.005438372468579256,
      "op_leverage_ratio": 0.2876539242372292,
      "fcf_margin_change": 0.02389343691534252
    },
    {
      "date": "2025-03-31T00:00:00",
      "quarter_label": "2025-03 (Q1)",
      "revenue": 341975000,
      "gross_profit": 51103000,
      "operating_income": -1473000,
      "net_income": null,
      "opex": 52271000,
      "cogs": 290872000,
      "rd": null,
      "sga": null,
      "fcf": 14036000,
      "ocf": 15964000,
      "capex": -1928000,
      "gross_margin": 0.1494349002120038,
      "op_margin": -0.004307332407339718,
      "fcf_margin": 0.04104393596023101,
      "incr_op_margin_yoy": 0.13008311485468846,
      "rev_growth_yoy": 0.1171236210518063,
      "rev_growth_yoy_accel": -0.0229778468870966,
      "op_leverage_ratio": Infinity,
      "fcf_margin_change": -0.023716060126420024
    },
    {
      "date": "2025-06-30T00:00:00",
      "quarter_label": "2025-06 (Q2)",
      "revenue": 353557000,
      "gross_profit": 54827000,
      "operating_income": 2314000,
      "net_income": null,
      "opex": 52513000,
      "cogs": 298730000,
      "rd": null,
      "sga": null,
      "fcf": 12049000,
      "ocf": 15025000,
      "capex": -2976000,
      "gross_margin": 0.1550725908410808,
      "op_margin": 0.006544913550007496,
      "fcf_margin": 0.034079370511685525,
      "incr_op_margin_yoy": 0.2008669401656475,
      "rev_growth_yoy": 0.12311626429479035,
      "rev_growth_yoy_accel": 0.0059926432429840415,
      "op_leverage_ratio": 7.315342175585548,
      "fcf_margin_change": -0.006964565448545484
    },
    {
      "date": "2025-09-30T00:00:00",
      "quarter_label": "2025-09 (Q3)",
      "revenue": 366920000,
      "gross_profit": 60054000,
      "operating_income": 5859000,
      "net_income": null,
      "opex": 54195000,
      "cogs": 306866000,
      "rd": null,
      "sga": null,
      "fcf": 23935000,
      "ocf": 29237000,
      "capex": -5302000,
      "gross_margin": 0.16367055488934917,
      "op_margin": 0.01596805843235583,
      "fcf_margin": 0.06523220320505832,
      "incr_op_margin_yoy": 0.10422156902493411,
      "rev_growth_yoy": 0.12051695494967263,
      "rev_growth_yoy_accel": -0.00259930934511772,
      "op_leverage_ratio": 1.1800091270158217,
      "fcf_margin_change": 0.031152832693372795
    }
  ],
  "signals": [
    {
      "quarter": "2025-06 (Q2)",
      "signal": "OPERATING LEVERAGE",
      "detail": "Rev growth +3.4% vs OpEx growth +0.5% (leverage: 7.3x)",
      "severity": "MEDIUM"
    },
    {
      "quarter": "2025-06 (Q2)",
      "signal": "OP MARGIN TURNED POSITIVE (YoY)",
      "detail": "Op margin: -1.7% (year-ago) -> +0.7%",
      "severity": "HIGH"
    },
    {
      "quarter": "2025-06 (Q2)",
      "signal": "OP MARGIN TURNED POSITIVE (QoQ)",
      "detail": "Op margin: -0.4% -> +0.7%",
      "severity": "HIGH"
    },
    {
      "quarter": "2024-09 (Q3)",
      "signal": "OP MARGIN TURNED POSITIVE (YoY)",
      "detail": "Op margin: -1.2% (year-ago) -> +0.5%",
      "severity": "HIGH"
    },
    {
      "quarter": "2024-09 (Q3)",
      "signal": "OP MARGIN TURNED POSITIVE (QoQ)",
      "detail": "Op margin: -1.7% -> +0.5%",
      "severity": "HIGH"
    },
    {
      "quarter": "2024-06 (Q2)",
      "signal": "FCF TURNED POSITIVE",
      "detail": "FCF margin: -0.2% -> +1.3%",
      "severity": "HIGH"
    },
    {
      "quarter": "2023-12 (Q4)",
      "signal": "OPERATING LEVERAGE",
      "detail": "Rev growth +3.5% vs OpEx growth +2.2% (leverage: 1.6x)",
      "severity": "MEDIUM"
    },
    {
      "quarter": "2023-12 (Q4)",
      "signal": "OP MARGIN TURNED POSITIVE (YoY)",
      "detail": "Op margin: -3.7% (year-ago) -> +0.1%",
      "severity": "HIGH"
    },
    {
      "quarter": "2023-12 (Q4)",
      "signal": "OP MARGIN TURNED POSITIVE (QoQ)",
      "detail": "Op margin: -1.2% -> +0.1%",
      "severity": "HIGH"
    },
    {
      "quarter": "2023-09 (Q3)",
      "signal": "FCF TURNED POSITIVE",
      "detail": "FCF margin: -3.0% -> +2.5%",
      "severity": "HIGH"
    },
    {
      "quarter": "2022-12 (Q4)",
      "signal": "OPERATING LEVERAGE",
      "detail": "Rev growth +5.2% vs OpEx growth +2.1% (leverage: 2.5x)",
      "severity": "MEDIUM"
    },
    {
      "quarter": "2022-09 (Q3)",
      "signal": "OPERATING LEVERAGE",
      "detail": "Rev growth +6.5% vs OpEx growth +1.4% (leverage: 4.6x)",
      "severity": "MEDIUM"
    },
    {
      "quarter": "2021-12 (Q4)",
      "signal": "OPERATING LEVERAGE",
      "detail": "Rev growth +7.0% vs OpEx growth +2.8% (leverage: 2.5x)",
      "severity": "MEDIUM"
    },
    {
      "quarter": "2021-09 (Q3)",
      "signal": "FCF TURNED POSITIVE",
      "detail": "FCF margin: -3.0% -> +1.9%",
      "severity": "HIGH"
    },
    {
      "quarter": "2021-09 (Q3)",
      "signal": "OPERATING LEVERAGE",
      "detail": "Rev growth +8.0% vs OpEx growth +3.6% (leverage: 2.2x)",
      "severity": "MEDIUM"
    },
    {
      "quarter": "2021-06 (Q2)",
      "signal": "OPERATING LEVERAGE",
      "detail": "Rev growth +8.8% vs OpEx growth +0.9% (leverage: 9.3x)",
      "severity": "MEDIUM"
    }
  ],
  "data_quality": {
    "n_quarters": 20,
    "coverage": {
      "revenue": [
        20,
        20
      ],
      "gross_profit": [
        20,
        20
      ],
      "op_income": [
        20,
        20
      ],
      "fcf": [
        20,
        20
      ]
    },
    "gaps": [],
    "warnings": []
  },
  "market_cap": null,
  "source": "SEC EDGAR",
  "last_updated": "2026-02-02T21:51:55.250741"
}