{
  "ticker": "TRV",
  "name": "The Travelers Companies, Inc.",
  "sector": "Financial Services",
  "industry": "Insurance - Property & Casualty",
  "quarters": [
    {
      "date": "2021-03-31T00:00:00",
      "quarter_label": "2021-03 (Q1)",
      "revenue": 8313000000,
      "gross_profit": null,
      "operating_income": null,
      "net_income": 733000000,
      "opex": null,
      "cogs": null,
      "rd": null,
      "sga": 1163000000,
      "fcf": 1190000000,
      "ocf": 1190000000,
      "capex": null,
      "gross_margin": null,
      "op_margin": null,
      "fcf_margin": 0.14314928425357873
    },
    {
      "date": "2021-06-30T00:00:00",
      "quarter_label": "2021-06 (Q2)",
      "revenue": 8687000000,
      "gross_profit": null,
      "operating_income": null,
      "net_income": 934000000,
      "opex": null,
      "cogs": null,
      "rd": null,
      "sga": 1174000000,
      "fcf": 1849000000,
      "ocf": 1849000000,
      "capex": null,
      "gross_margin": null,
      "op_margin": null,
      "fcf_margin": 0.2128467825486359,
      "fcf_margin_change": 0.06969749829505717
    },
    {
      "date": "2021-09-30T00:00:00",
      "quarter_label": "2021-09 (Q3)",
      "revenue": 8805000000,
      "gross_profit": null,
      "operating_income": null,
      "net_income": 662000000,
      "opex": null,
      "cogs": null,
      "rd": null,
      "sga": 1187000000,
      "fcf": 2543000000,
      "ocf": 2543000000,
      "capex": null,
      "gross_margin": null,
      "op_margin": null,
      "fcf_margin": 0.2888131743327655,
      "fcf_margin_change": 0.07596639178412959
    },
    {
      "date": "2021-12-31T00:00:00",
      "quarter_label": "2021-12 (Q4)",
      "revenue": 9011000000,
      "gross_profit": null,
      "operating_income": null,
      "net_income": 1333000000,
      "opex": null,
      "cogs": null,
      "rd": null,
      "sga": 1153000000,
      "fcf": 1692000000,
      "ocf": 1692000000,
      "capex": null,
      "gross_margin": null,
      "op_margin": null,
      "fcf_margin": 0.1877705027188991,
      "fcf_margin_change": -0.10104267161386637
    },
    {
      "date": "2022-03-31T00:00:00",
      "quarter_label": "2022-03 (Q1)",
      "revenue": 8809000000,
      "gross_profit": null,
      "operating_income": null,
      "net_income": 1018000000,
      "opex": null,
      "cogs": null,
      "rd": null,
      "sga": 1191000000,
      "fcf": 1266000000,
      "ocf": 1266000000,
      "capex": null,
      "gross_margin": null,
      "op_margin": null,
      "fcf_margin": 0.14371665342263595,
      "rev_growth_yoy": 0.05966558402502105,
      "fcf_margin_change": -0.04405384929626316
    },
    {
      "date": "2022-06-30T00:00:00",
      "quarter_label": "2022-06 (Q2)",
      "revenue": 9136000000,
      "gross_profit": null,
      "operating_income": null,
      "net_income": 551000000,
      "opex": null,
      "cogs": null,
      "rd": null,
      "sga": 1223000000,
      "fcf": 1375000000,
      "ocf": 1375000000,
      "capex": null,
      "gross_margin": null,
      "op_margin": null,
      "fcf_margin": 0.15050350262697024,
      "rev_growth_yoy": 0.05168642799585588,
      "rev_growth_yoy_accel": -0.007979156029165171,
      "fcf_margin_change": 0.006786849204334283
    },
    {
      "date": "2022-09-30T00:00:00",
      "quarter_label": "2022-09 (Q3)",
      "revenue": 9303000000,
      "gross_profit": null,
      "operating_income": null,
      "net_income": 454000000,
      "opex": null,
      "cogs": null,
      "rd": null,
      "sga": 1193000000,
      "fcf": 2484000000,
      "ocf": 2484000000,
      "capex": null,
      "gross_margin": null,
      "op_margin": null,
      "fcf_margin": 0.26701064172847466,
      "rev_growth_yoy": 0.0565587734241908,
      "rev_growth_yoy_accel": 0.004872345428334923,
      "fcf_margin_change": 0.11650713910150443
    },
    {
      "date": "2022-12-31T00:00:00",
      "quarter_label": "2022-12 (Q4)",
      "revenue": 9636000000,
      "gross_profit": null,
      "operating_income": null,
      "net_income": 819000000,
      "opex": null,
      "cogs": null,
      "rd": null,
      "sga": 1203000000,
      "fcf": 1340000000,
      "ocf": 1340000000,
      "capex": null,
      "gross_margin": null,
      "op_margin": null,
      "fcf_margin": 0.13906185139061852,
      "rev_growth_yoy": 0.06935967151259571,
      "rev_growth_yoy_accel": 0.012800898088404913,
      "fcf_margin_change": -0.12794879033785614
    },
    {
      "date": "2023-03-31T00:00:00",
      "quarter_label": "2023-03 (Q1)",
      "revenue": 9704000000,
      "gross_profit": null,
      "operating_income": null,
      "net_income": 975000000,
      "opex": null,
      "cogs": null,
      "rd": null,
      "sga": 1267000000,
      "fcf": 1012000000,
      "ocf": 1012000000,
      "capex": null,
      "gross_margin": null,
      "op_margin": null,
      "fcf_margin": 0.1042868920032976,
      "rev_growth_yoy": 0.10160063571347486,
      "rev_growth_yoy_accel": 0.032240964200879144,
      "fcf_margin_change": -0.03477495938732092
    },
    {
      "date": "2023-06-30T00:00:00",
      "quarter_label": "2023-06 (Q2)",
      "revenue": 10098000000,
      "gross_profit": null,
      "operating_income": null,
      "net_income": -14000000,
      "opex": null,
      "cogs": null,
      "rd": null,
      "sga": 1308000000,
      "fcf": 1549000000,
      "ocf": 1549000000,
      "capex": null,
      "gross_margin": null,
      "op_margin": null,
      "fcf_margin": 0.15339671222024162,
      "rev_growth_yoy": 0.10529772329246935,
      "rev_growth_yoy_accel": 0.003697087578994493,
      "fcf_margin_change": 0.04910982021694402
    },
    {
      "date": "2023-09-30T00:00:00",
      "quarter_label": "2023-09 (Q3)",
      "revenue": 10635000000,
      "gross_profit": null,
      "operating_income": null,
      "net_income": 404000000,
      "opex": null,
      "cogs": null,
      "rd": null,
      "sga": 1312000000,
      "fcf": 3046000000,
      "ocf": 3046000000,
      "capex": null,
      "gross_margin": null,
      "op_margin": null,
      "fcf_margin": 0.28641278796426894,
      "rev_growth_yoy": 0.14317961947758787,
      "rev_growth_yoy_accel": 0.037881896185118516,
      "fcf_margin_change": 0.13301607574402732
    },
    {
      "date": "2023-12-31T00:00:00",
      "quarter_label": "2023-12 (Q4)",
      "revenue": 10927000000,
      "gross_profit": null,
      "operating_income": null,
      "net_income": 1626000000,
      "opex": null,
      "cogs": null,
      "rd": null,
      "sga": 1289000000,
      "fcf": 2104000000,
      "ocf": 2104000000,
      "capex": null,
      "gross_margin": null,
      "op_margin": null,
      "fcf_margin": 0.19255056282602728,
      "rev_growth_yoy": 0.13397675383976754,
      "rev_growth_yoy_accel": -0.009202865637820329,
      "fcf_margin_change": -0.09386222513824166
    },
    {
      "date": "2024-03-31T00:00:00",
      "quarter_label": "2024-03 (Q1)",
      "revenue": 11228000000,
      "gross_profit": null,
      "operating_income": null,
      "net_income": 1123000000,
      "opex": null,
      "cogs": null,
      "rd": null,
      "sga": 1406000000,
      "fcf": 1458000000,
      "ocf": 1458000000,
      "capex": null,
      "gross_margin": null,
      "op_margin": null,
      "fcf_margin": 0.12985393658710367,
      "rev_growth_yoy": 0.15704863973619126,
      "rev_growth_yoy_accel": 0.023071885896423727,
      "fcf_margin_change": -0.06269662623892361
    },
    {
      "date": "2024-06-30T00:00:00",
      "quarter_label": "2024-06 (Q2)",
      "revenue": 11283000000,
      "gross_profit": null,
      "operating_income": null,
      "net_income": 534000000,
      "opex": null,
      "cogs": null,
      "rd": null,
      "sga": 1478000000,
      "fcf": 1677000000,
      "ocf": 1677000000,
      "capex": null,
      "gross_margin": null,
      "op_margin": null,
      "fcf_margin": 0.1486306833289019,
      "rev_growth_yoy": 0.11734997029114676,
      "rev_growth_yoy_accel": -0.03969866944504451,
      "fcf_margin_change": 0.018776746741798217
    },
    {
      "date": "2024-09-30T00:00:00",
      "quarter_label": "2024-09 (Q3)",
      "revenue": 11904000000,
      "gross_profit": null,
      "operating_income": null,
      "net_income": 1260000000,
      "opex": null,
      "cogs": null,
      "rd": null,
      "sga": 1460000000,
      "fcf": 3875000000,
      "ocf": 3875000000,
      "capex": null,
      "gross_margin": null,
      "op_margin": null,
      "fcf_margin": 0.3255208333333333,
      "rev_growth_yoy": 0.11932299012693935,
      "rev_growth_yoy_accel": 0.0019730198357925943,
      "fcf_margin_change": 0.17689015000443142
    },
    {
      "date": "2024-12-31T00:00:00",
      "quarter_label": "2024-12 (Q4)",
      "revenue": 12008000000,
      "gross_profit": null,
      "operating_income": null,
      "net_income": 2082000000,
      "opex": null,
      "cogs": null,
      "rd": null,
      "sga": 1475000000,
      "fcf": 2064000000,
      "ocf": 2064000000,
      "capex": null,
      "gross_margin": null,
      "op_margin": null,
      "fcf_margin": 0.17188540972684876,
      "rev_growth_yoy": 0.09892925780177542,
      "rev_growth_yoy_accel": -0.020393732325163935,
      "fcf_margin_change": -0.15363542360648455
    },
    {
      "date": "2025-03-31T00:00:00",
      "quarter_label": "2025-03 (Q1)",
      "revenue": 11810000000,
      "gross_profit": null,
      "operating_income": null,
      "net_income": 395000000,
      "opex": null,
      "cogs": null,
      "rd": null,
      "sga": 1459000000,
      "fcf": 1360000000,
      "ocf": 1360000000,
      "capex": null,
      "gross_margin": null,
      "op_margin": null,
      "fcf_margin": 0.11515664690939881,
      "rev_growth_yoy": 0.05183469896686854,
      "rev_growth_yoy_accel": -0.047094558834906874,
      "fcf_margin_change": -0.05672876281744996
    },
    {
      "date": "2025-06-30T00:00:00",
      "quarter_label": "2025-06 (Q2)",
      "revenue": 12116000000,
      "gross_profit": null,
      "operating_income": null,
      "net_income": 1509000000,
      "opex": null,
      "cogs": null,
      "rd": null,
      "sga": 1545000000,
      "fcf": 2334000000,
      "ocf": 2334000000,
      "capex": null,
      "gross_margin": null,
      "op_margin": null,
      "fcf_margin": 0.19263783426873557,
      "rev_growth_yoy": 0.07382788265532217,
      "rev_growth_yoy_accel": 0.021993183688453627,
      "fcf_margin_change": 0.07748118735933676
    },
    {
      "date": "2025-09-30T00:00:00",
      "quarter_label": "2025-09 (Q3)",
      "revenue": 12470000000,
      "gross_profit": null,
      "operating_income": null,
      "net_income": 1888000000,
      "opex": null,
      "cogs": null,
      "rd": null,
      "sga": 1572000000,
      "fcf": 4227000000,
      "ocf": 4227000000,
      "capex": null,
      "gross_margin": null,
      "op_margin": null,
      "fcf_margin": 0.33897353648757017,
      "rev_growth_yoy": 0.04754704301075269,
      "rev_growth_yoy_accel": -0.02628083964456948,
      "fcf_margin_change": 0.1463357022188346
    },
    {
      "date": "2025-12-31T00:00:00",
      "quarter_label": "2025-12 (Q4)",
      "revenue": 12432000000,
      "gross_profit": null,
      "operating_income": null,
      "net_income": 2496000000,
      "opex": null,
      "cogs": null,
      "rd": null,
      "sga": 1544000000,
      "fcf": 2685000000,
      "ocf": 2685000000,
      "capex": null,
      "gross_margin": null,
      "op_margin": null,
      "fcf_margin": 0.21597490347490347,
      "rev_growth_yoy": 0.03530979347101932,
      "rev_growth_yoy_accel": -0.012237249539733368,
      "fcf_margin_change": -0.1229986330126667
    }
  ],
  "signals": [
    {
      "quarter": "2025-09 (Q3)",
      "signal": "FCF MARGIN EXPANSION",
      "detail": "FCF margin: +19.3% -> +33.9% (+14.6%)",
      "severity": "MEDIUM"
    },
    {
      "quarter": "2025-06 (Q2)",
      "signal": "FCF MARGIN EXPANSION",
      "detail": "FCF margin: +11.5% -> +19.3% (+7.7%)",
      "severity": "MEDIUM"
    },
    {
      "quarter": "2024-09 (Q3)",
      "signal": "FCF MARGIN EXPANSION",
      "detail": "FCF margin: +14.9% -> +32.6% (+17.7%)",
      "severity": "MEDIUM"
    },
    {
      "quarter": "2023-09 (Q3)",
      "signal": "FCF MARGIN EXPANSION",
      "detail": "FCF margin: +15.3% -> +28.6% (+13.3%)",
      "severity": "MEDIUM"
    },
    {
      "quarter": "2022-09 (Q3)",
      "signal": "FCF MARGIN EXPANSION",
      "detail": "FCF margin: +15.1% -> +26.7% (+11.7%)",
      "severity": "MEDIUM"
    },
    {
      "quarter": "2021-09 (Q3)",
      "signal": "FCF MARGIN EXPANSION",
      "detail": "FCF margin: +21.3% -> +28.9% (+7.6%)",
      "severity": "MEDIUM"
    },
    {
      "quarter": "2021-06 (Q2)",
      "signal": "FCF MARGIN EXPANSION",
      "detail": "FCF margin: +14.3% -> +21.3% (+7.0%)",
      "severity": "MEDIUM"
    }
  ],
  "data_quality": {
    "n_quarters": 20,
    "coverage": {
      "revenue": [
        20,
        20
      ],
      "gross_profit": [
        0,
        20
      ],
      "op_income": [
        0,
        20
      ],
      "fcf": [
        20,
        20
      ]
    },
    "gaps": [],
    "warnings": [
      "gross_profit: no data",
      "op_income: no data"
    ]
  },
  "market_cap": null,
  "source": "SEC EDGAR",
  "last_updated": "2026-02-24T10:50:53.810788"
}