{
  "ticker": "TSE",
  "name": "Trinseo PLC",
  "quarters": [
    {
      "date": "2020-12-31T00:00:00",
      "quarter_label": "2020-12 (Q4)",
      "revenue": 860200000,
      "gross_profit": 149600000,
      "operating_income": 110500000,
      "net_income": 66700000,
      "opex": 39100000,
      "cogs": 710600000,
      "rd": null,
      "sga": 62800000,
      "fcf": 127700000,
      "ocf": 127700000,
      "capex": null,
      "gross_margin": 0.17391304347826086,
      "op_margin": 0.12845849802371542,
      "fcf_margin": 0.14845384794233898
    },
    {
      "date": "2021-03-31T00:00:00",
      "quarter_label": "2021-03 (Q1)",
      "revenue": 1092600000,
      "gross_profit": 202000000,
      "operating_income": 162300000,
      "net_income": 71500000,
      "opex": 39700000,
      "cogs": 890600000,
      "rd": null,
      "sga": 62600000,
      "fcf": 51000000,
      "ocf": 51000000,
      "capex": null,
      "gross_margin": 0.18488010250777961,
      "op_margin": 0.1485447556287754,
      "fcf_margin": 0.046677649643053265,
      "op_leverage_ratio": 17.606060606060606,
      "fcf_margin_change": -0.10177619829928572
    },
    {
      "date": "2021-06-30T00:00:00",
      "quarter_label": "2021-06 (Q2)",
      "revenue": 1273700000,
      "gross_profit": 220000000,
      "operating_income": 151000000,
      "net_income": 151600000,
      "opex": 69000000,
      "cogs": 1053700000,
      "rd": null,
      "sga": 97300000,
      "fcf": -21000000,
      "ocf": -21000000,
      "capex": null,
      "gross_margin": 0.1727251315066342,
      "op_margin": 0.11855224935228076,
      "fcf_margin": -0.016487398916542356,
      "op_leverage_ratio": 0.2245846866821728,
      "fcf_margin_change": -0.06316504855959562
    },
    {
      "date": "2021-09-30T00:00:00",
      "quarter_label": "2021-09 (Q3)",
      "revenue": 1269300000,
      "gross_profit": 168300000,
      "operating_income": 107800000,
      "net_income": 93100000,
      "opex": 60500000,
      "cogs": 1101000000,
      "rd": null,
      "sga": 76400000,
      "fcf": 208200000,
      "ocf": 208200000,
      "capex": null,
      "gross_margin": 0.13259276766721814,
      "op_margin": 0.08492870085874103,
      "fcf_margin": 0.16402741668636256,
      "fcf_margin_change": 0.18051481560290492
    },
    {
      "date": "2021-12-31T00:00:00",
      "quarter_label": "2021-12 (Q4)",
      "revenue": 1298500000,
      "gross_profit": 121600000,
      "operating_income": 47200000,
      "net_income": 123800000,
      "opex": 74400000,
      "cogs": 1176900000,
      "rd": null,
      "sga": 93000000,
      "fcf": 214500000,
      "ocf": 214500000,
      "capex": null,
      "gross_margin": 0.09364651520985753,
      "op_margin": 0.03634963419329996,
      "fcf_margin": 0.16519060454370427,
      "incr_op_margin_yoy": -0.14442162902121836,
      "rev_growth_yoy": 0.5095326668216694,
      "op_leverage_ratio": 0.1001288309933476,
      "fcf_margin_change": 0.0011631878573417076
    },
    {
      "date": "2022-03-31T00:00:00",
      "quarter_label": "2022-03 (Q1)",
      "revenue": 1386700000,
      "gross_profit": 176000000,
      "operating_income": 64600000,
      "net_income": 16700000,
      "opex": 111400000,
      "cogs": 1210700000,
      "rd": null,
      "sga": 96700000,
      "fcf": -5000000,
      "ocf": -5000000,
      "capex": null,
      "gross_margin": 0.1269200259609144,
      "op_margin": 0.04658541861974472,
      "fcf_margin": -0.0036056825557077956,
      "incr_op_margin_yoy": -0.33219993199591974,
      "rev_growth_yoy": 0.2691744462749405,
      "rev_growth_yoy_accel": -0.2403582205467289,
      "op_leverage_ratio": 0.13658337582865884,
      "fcf_margin_change": -0.16879628709941205
    },
    {
      "date": "2022-06-30T00:00:00",
      "quarter_label": "2022-06 (Q2)",
      "revenue": 1425500000,
      "gross_profit": 139100000,
      "operating_income": 91600000,
      "net_income": 37400000,
      "opex": 47500000,
      "cogs": 1286400000,
      "rd": null,
      "sga": 85600000,
      "fcf": -83100000,
      "ocf": -83100000,
      "capex": null,
      "gross_margin": 0.09757979656260961,
      "op_margin": 0.06425815503332165,
      "fcf_margin": -0.0582953349701859,
      "incr_op_margin_yoy": -0.391304347826087,
      "rev_growth_yoy": 0.1191803407395776,
      "rev_growth_yoy_accel": -0.1499941055353629,
      "op_leverage_ratio": Infinity,
      "fcf_margin_change": -0.0546896524144781
    },
    {
      "date": "2022-09-30T00:00:00",
      "quarter_label": "2022-09 (Q3)",
      "revenue": 1178100000,
      "gross_profit": -39500000,
      "operating_income": -99100000,
      "net_income": -119800000,
      "opex": 59600000,
      "cogs": 1217600000,
      "rd": null,
      "sga": 80500000,
      "fcf": 97500000,
      "ocf": 97500000,
      "capex": null,
      "gross_margin": -0.03352856294032765,
      "op_margin": -0.08411849588320176,
      "fcf_margin": 0.08276037687802394,
      "incr_op_margin_yoy": 2.268640350877193,
      "rev_growth_yoy": -0.07185062632947294,
      "rev_growth_yoy_accel": -0.19103096706905054,
      "fcf_margin_change": 0.14105571184820984
    },
    {
      "date": "2022-12-31T00:00:00",
      "quarter_label": "2022-12 (Q4)",
      "revenue": 975200000,
      "gross_profit": -3200000,
      "operating_income": -420900000,
      "net_income": -365300000,
      "opex": 417700000,
      "cogs": 978400000,
      "rd": null,
      "sga": 136000000,
      "fcf": 34100000,
      "ocf": 34100000,
      "capex": null,
      "gross_margin": -0.003281378178835111,
      "op_margin": -0.43160377358490565,
      "fcf_margin": 0.03496718621821165,
      "incr_op_margin_yoy": 1.447881224868543,
      "rev_growth_yoy": -0.24897959183673468,
      "rev_growth_yoy_accel": -0.17712896550726176,
      "fcf_margin_change": -0.047793190659812294
    },
    {
      "date": "2023-03-31T00:00:00",
      "quarter_label": "2023-03 (Q1)",
      "revenue": 996300000,
      "gross_profit": 37200000,
      "operating_income": -30200000,
      "net_income": -48900000,
      "opex": 67400000,
      "cogs": 959100000,
      "rd": null,
      "sga": 84700000,
      "fcf": 45400000,
      "ocf": 45400000,
      "capex": null,
      "gross_margin": 0.03733815115928937,
      "op_margin": -0.030312154973401586,
      "fcf_margin": 0.04556860383418649,
      "incr_op_margin_yoy": 0.24282786885245902,
      "rev_growth_yoy": -0.28153169394966465,
      "rev_growth_yoy_accel": -0.03255210211292997,
      "op_leverage_ratio": Infinity,
      "fcf_margin_change": 0.010601417615974842
    },
    {
      "date": "2023-06-30T00:00:00",
      "quarter_label": "2023-06 (Q2)",
      "revenue": 962600000,
      "gross_profit": 53600000,
      "operating_income": -336800000,
      "net_income": -349000000,
      "opex": 390400000,
      "cogs": 909000000,
      "rd": null,
      "sga": 53800000,
      "fcf": 56500000,
      "ocf": 56500000,
      "capex": null,
      "gross_margin": 0.055682526490754204,
      "op_margin": -0.3498857261583212,
      "fcf_margin": 0.05869520049864949,
      "incr_op_margin_yoy": 0.9254698639014906,
      "rev_growth_yoy": -0.3247281655559453,
      "rev_growth_yoy_accel": -0.04319647160628065,
      "fcf_margin_change": 0.013126596664463003
    },
    {
      "date": "2023-09-30T00:00:00",
      "quarter_label": "2023-09 (Q3)",
      "revenue": 879000000,
      "gross_profit": 31300000,
      "operating_income": -16400000,
      "net_income": -38400000,
      "opex": 47700000,
      "cogs": 847700000,
      "rd": null,
      "sga": 66600000,
      "fcf": 29300000,
      "ocf": 29300000,
      "capex": null,
      "gross_margin": 0.03560864618885097,
      "op_margin": -0.018657565415244597,
      "fcf_margin": 0.03333333333333333,
      "incr_op_margin_yoy": -0.2764961551320629,
      "rev_growth_yoy": -0.25388337153043034,
      "rev_growth_yoy_accel": 0.07084479402551497,
      "fcf_margin_change": -0.02536186716531616
    },
    {
      "date": "2023-12-31T00:00:00",
      "quarter_label": "2023-12 (Q4)",
      "revenue": 837500000,
      "gross_profit": 20300000,
      "operating_income": -72000000,
      "net_income": -265000000,
      "opex": 92300000,
      "cogs": 817200000,
      "rd": null,
      "sga": 105200000,
      "fcf": 17500000,
      "ocf": 17500000,
      "capex": null,
      "gross_margin": 0.024238805970149255,
      "op_margin": -0.08597014925373134,
      "fcf_margin": 0.020895522388059702,
      "incr_op_margin_yoy": -2.533769063180828,
      "rev_growth_yoy": -0.14120180475799837,
      "rev_growth_yoy_accel": 0.11268156677243196,
      "fcf_margin_change": -0.01243781094527363
    },
    {
      "date": "2024-03-31T00:00:00",
      "quarter_label": "2024-03 (Q1)",
      "revenue": 904000000,
      "gross_profit": 60600000,
      "operating_income": -3300000,
      "net_income": -75500000,
      "opex": 63900000,
      "cogs": 843400000,
      "rd": null,
      "sga": 70100000,
      "fcf": -66200000,
      "ocf": -66200000,
      "capex": null,
      "gross_margin": 0.0670353982300885,
      "op_margin": -0.003650442477876106,
      "fcf_margin": -0.07323008849557522,
      "incr_op_margin_yoy": -0.2914409534127844,
      "rev_growth_yoy": -0.09264277827963464,
      "rev_growth_yoy_accel": 0.04855902647836373,
      "op_leverage_ratio": Infinity,
      "fcf_margin_change": -0.09412561088363491
    },
    {
      "date": "2024-06-30T00:00:00",
      "quarter_label": "2024-06 (Q2)",
      "revenue": 920000000,
      "gross_profit": 68400000,
      "operating_income": 13900000,
      "net_income": -67800000,
      "opex": 54500000,
      "cogs": 851600000,
      "rd": null,
      "sga": 70100000,
      "fcf": -41900000,
      "ocf": -41900000,
      "capex": null,
      "gross_margin": 0.07434782608695652,
      "op_margin": 0.015108695652173912,
      "fcf_margin": -0.04554347826086957,
      "incr_op_margin_yoy": -8.232394366197184,
      "rev_growth_yoy": -0.04425514232287554,
      "rev_growth_yoy_accel": 0.0483876359567591,
      "op_leverage_ratio": Infinity,
      "fcf_margin_change": 0.02768661023470565
    },
    {
      "date": "2024-09-30T00:00:00",
      "quarter_label": "2024-09 (Q3)",
      "revenue": 867700000,
      "gross_profit": 80600000,
      "operating_income": -12400000,
      "net_income": -87300000,
      "opex": 93000000,
      "cogs": 787100000,
      "rd": null,
      "sga": 97000000,
      "fcf": 8800000,
      "ocf": 8800000,
      "capex": null,
      "gross_margin": 0.09288924743574968,
      "op_margin": -0.014290653451653798,
      "fcf_margin": 0.010141754062463985,
      "incr_op_margin_yoy": -0.35398230088495575,
      "rev_growth_yoy": -0.01285551763367463,
      "rev_growth_yoy_accel": 0.03139962468920091,
      "fcf_margin_change": 0.055685232323333556
    },
    {
      "date": "2024-12-31T00:00:00",
      "quarter_label": "2024-12 (Q4)",
      "revenue": 821500000,
      "gross_profit": 56000000,
      "operating_income": -44200000,
      "net_income": -117900000,
      "opex": 100200000,
      "cogs": 765500000,
      "rd": null,
      "sga": 89800000,
      "fcf": 85100000,
      "ocf": 85100000,
      "capex": null,
      "gross_margin": 0.06816798539257456,
      "op_margin": -0.053804017041996346,
      "fcf_margin": 0.10359099208764455,
      "incr_op_margin_yoy": -1.7375,
      "rev_growth_yoy": -0.0191044776119403,
      "rev_growth_yoy_accel": -0.006248959978265668,
      "fcf_margin_change": 0.09344923802518057
    },
    {
      "date": "2025-03-31T00:00:00",
      "quarter_label": "2025-03 (Q1)",
      "revenue": 784800000,
      "gross_profit": 63800000,
      "operating_income": -29000000,
      "net_income": -79000000,
      "opex": 92800000,
      "cogs": 721000000,
      "rd": null,
      "sga": 91000000,
      "fcf": -110200000,
      "ocf": -110200000,
      "capex": null,
      "gross_margin": 0.08129459734964323,
      "op_margin": -0.03695208970438328,
      "fcf_margin": -0.14041794087665646,
      "incr_op_margin_yoy": 0.2156040268456376,
      "rev_growth_yoy": -0.13185840707964602,
      "rev_growth_yoy_accel": -0.11275392946770572,
      "fcf_margin_change": -0.244008932964301
    },
    {
      "date": "2025-06-30T00:00:00",
      "quarter_label": "2025-06 (Q2)",
      "revenue": 784300000,
      "gross_profit": 36600000,
      "operating_income": -33300000,
      "net_income": -105500000,
      "opex": 69900000,
      "cogs": 747700000,
      "rd": null,
      "sga": 78100000,
      "fcf": 6800000,
      "ocf": 6800000,
      "capex": null,
      "gross_margin": 0.046665816651791404,
      "op_margin": -0.042458243019252835,
      "fcf_margin": 0.008670151727655234,
      "incr_op_margin_yoy": 0.34782608695652173,
      "rev_growth_yoy": -0.1475,
      "rev_growth_yoy_accel": -0.01564159292035397,
      "fcf_margin_change": 0.1490880926043117
    },
    {
      "date": "2025-09-30T00:00:00",
      "quarter_label": "2025-09 (Q3)",
      "revenue": 743200000,
      "gross_profit": 37400000,
      "operating_income": -28200000,
      "net_income": -109700000,
      "opex": 65600000,
      "cogs": 705800000,
      "rd": null,
      "sga": 63200000,
      "fcf": -21600000,
      "ocf": -21600000,
      "capex": null,
      "gross_margin": 0.05032292787944026,
      "op_margin": -0.03794402583423036,
      "fcf_margin": -0.02906350914962325,
      "incr_op_margin_yoy": 0.12690763052208837,
      "rev_growth_yoy": -0.14348277054281433,
      "rev_growth_yoy_accel": 0.0040172294571856615,
      "fcf_margin_change": -0.03773366087727848
    }
  ],
  "signals": [
    {
      "quarter": "2025-06 (Q2)",
      "signal": "FCF TURNED POSITIVE",
      "detail": "FCF margin: -14.0% -> +0.9%",
      "severity": "HIGH"
    },
    {
      "quarter": "2025-03 (Q1)",
      "signal": "YoY REVENUE GROWTH DECELERATION",
      "detail": "YoY growth: -13.2% vs prior quarter YoY: -1.9% (decel: -11.3%)",
      "severity": "WARNING"
    },
    {
      "quarter": "2024-12 (Q4)",
      "signal": "FCF MARGIN EXPANSION",
      "detail": "FCF margin: +1.0% -> +10.4% (+9.3%)",
      "severity": "MEDIUM"
    },
    {
      "quarter": "2024-09 (Q3)",
      "signal": "FCF TURNED POSITIVE",
      "detail": "FCF margin: -4.6% -> +1.0%",
      "severity": "HIGH"
    },
    {
      "quarter": "2024-06 (Q2)",
      "signal": "OP MARGIN TURNED POSITIVE (YoY)",
      "detail": "Op margin: -35.0% (year-ago) -> +1.5%",
      "severity": "HIGH"
    },
    {
      "quarter": "2024-06 (Q2)",
      "signal": "OP MARGIN TURNED POSITIVE (QoQ)",
      "detail": "Op margin: -0.4% -> +1.5%",
      "severity": "HIGH"
    },
    {
      "quarter": "2024-03 (Q1)",
      "signal": "GROSS MARGIN INFLECTION",
      "detail": "GM: +3.6% -> +2.4% -> +6.7% (reversal +4.3%)",
      "severity": "MEDIUM"
    },
    {
      "quarter": "2023-12 (Q4)",
      "signal": "YoY REVENUE GROWTH ACCELERATION",
      "detail": "YoY growth: -14.1% vs prior quarter YoY: -25.4% (accel: +11.3%)",
      "severity": "MEDIUM"
    },
    {
      "quarter": "2023-09 (Q3)",
      "signal": "YoY REVENUE GROWTH ACCELERATION",
      "detail": "YoY growth: -25.4% vs prior quarter YoY: -32.5% (accel: +7.1%)",
      "severity": "MEDIUM"
    },
    {
      "quarter": "2022-12 (Q4)",
      "signal": "GROSS MARGIN INFLECTION",
      "detail": "GM: +9.8% -> -3.4% -> -0.3% (reversal +3.0%)",
      "severity": "MEDIUM"
    },
    {
      "quarter": "2022-12 (Q4)",
      "signal": "YoY REVENUE GROWTH DECELERATION",
      "detail": "YoY growth: -24.9% vs prior quarter YoY: -7.2% (decel: -17.7%)",
      "severity": "WARNING"
    },
    {
      "quarter": "2022-09 (Q3)",
      "signal": "FCF TURNED POSITIVE",
      "detail": "FCF margin: -5.8% -> +8.3%",
      "severity": "HIGH"
    },
    {
      "quarter": "2022-09 (Q3)",
      "signal": "YoY REVENUE GROWTH DECELERATION",
      "detail": "YoY growth: -7.2% vs prior quarter YoY: +11.9% (decel: -19.1%)",
      "severity": "WARNING"
    },
    {
      "quarter": "2022-06 (Q2)",
      "signal": "YoY REVENUE GROWTH DECELERATION",
      "detail": "YoY growth: +11.9% vs prior quarter YoY: +26.9% (decel: -15.0%)",
      "severity": "WARNING"
    },
    {
      "quarter": "2022-03 (Q1)",
      "signal": "GROSS MARGIN INFLECTION",
      "detail": "GM: +13.3% -> +9.4% -> +12.7% (reversal +3.3%)",
      "severity": "MEDIUM"
    },
    {
      "quarter": "2022-03 (Q1)",
      "signal": "YoY REVENUE GROWTH DECELERATION",
      "detail": "YoY growth: +26.9% vs prior quarter YoY: +51.0% (decel: -24.0%)",
      "severity": "WARNING"
    },
    {
      "quarter": "2021-09 (Q3)",
      "signal": "FCF TURNED POSITIVE",
      "detail": "FCF margin: -1.6% -> +16.4%",
      "severity": "HIGH"
    },
    {
      "quarter": "2021-03 (Q1)",
      "signal": "OPERATING LEVERAGE",
      "detail": "Rev growth +27.0% vs OpEx growth +1.5% (leverage: 17.6x)",
      "severity": "MEDIUM"
    }
  ],
  "data_quality": {
    "n_quarters": 20,
    "coverage": {
      "revenue": [
        20,
        20
      ],
      "gross_profit": [
        20,
        20
      ],
      "op_income": [
        20,
        20
      ],
      "fcf": [
        20,
        20
      ]
    },
    "gaps": [],
    "warnings": []
  },
  "market_cap": null,
  "source": "SEC EDGAR",
  "last_updated": "2026-02-03T00:01:04.198902"
}