{
  "ticker": "TSN",
  "name": "TYSON FOODS, INC.",
  "quarters": [
    {
      "date": "2021-04-03T00:00:00",
      "quarter_label": "2021-04 (Q2)",
      "revenue": 11300000000,
      "gross_profit": 1253000000,
      "operating_income": 720000000,
      "net_income": 476000000,
      "opex": 533000000,
      "cogs": 10047000000,
      "rd": null,
      "sga": 533000000,
      "fcf": -304000000,
      "ocf": -36000000,
      "capex": -268000000,
      "gross_margin": 0.11088495575221238,
      "op_margin": 0.06371681415929203,
      "fcf_margin": -0.026902654867256636
    },
    {
      "date": "2021-07-03T00:00:00",
      "quarter_label": "2021-07 (Q3)",
      "revenue": 12478000000,
      "gross_profit": 1620000000,
      "operating_income": 1062000000,
      "net_income": 749000000,
      "opex": 558000000,
      "cogs": 10858000000,
      "rd": null,
      "sga": 558000000,
      "fcf": 1005000000,
      "ocf": 1307000000,
      "capex": -302000000,
      "gross_margin": 0.1298284981567559,
      "op_margin": 0.08510979323609554,
      "fcf_margin": 0.0805417534861356,
      "op_leverage_ratio": 2.222562831858407,
      "fcf_margin_change": 0.10744440835339224
    },
    {
      "date": "2021-10-02T00:00:00",
      "quarter_label": "2021-10 (Q4)",
      "revenue": 12811000000,
      "gross_profit": 2476000000,
      "operating_income": 1909000000,
      "net_income": 1355000000,
      "opex": 567000000,
      "cogs": 10335000000,
      "rd": null,
      "sga": 567000000,
      "fcf": 834000000,
      "ocf": 1184000000,
      "capex": -350000000,
      "gross_margin": 0.19327140738427914,
      "op_margin": 0.1490125673249551,
      "fcf_margin": 0.065100304425884,
      "op_leverage_ratio": 1.6545920820644335,
      "fcf_margin_change": -0.015441449060251591
    },
    {
      "date": "2022-01-01T00:00:00",
      "quarter_label": "2022-01 (Q1)",
      "revenue": 12933000000,
      "gross_profit": 2015000000,
      "operating_income": 1455000000,
      "net_income": 1121000000,
      "opex": 560000000,
      "cogs": 10918000000,
      "rd": null,
      "sga": 560000000,
      "fcf": 1024000000,
      "ocf": 1432000000,
      "capex": -408000000,
      "gross_margin": 0.15580298461300549,
      "op_margin": 0.112502899559267,
      "fcf_margin": 0.07917729838397897,
      "fcf_margin_change": 0.01407699395809496
    },
    {
      "date": "2022-04-02T00:00:00",
      "quarter_label": "2022-04 (Q2)",
      "revenue": 13117000000,
      "gross_profit": 1735000000,
      "operating_income": 1156000000,
      "net_income": 829000000,
      "opex": 579000000,
      "cogs": 11382000000,
      "rd": null,
      "sga": 579000000,
      "fcf": -647000000,
      "ocf": -208000000,
      "capex": -439000000,
      "gross_margin": 0.13227109857436914,
      "op_margin": 0.08812990775329725,
      "fcf_margin": -0.049325303041854084,
      "incr_op_margin_yoy": 0.2399559713813979,
      "rev_growth_yoy": 0.16079646017699115,
      "op_leverage_ratio": 0.4193271394677834,
      "fcf_margin_change": -0.12850260142583306
    },
    {
      "date": "2022-07-02T00:00:00",
      "quarter_label": "2022-07 (Q3)",
      "revenue": 13495000000,
      "gross_profit": 1611000000,
      "operating_income": 1033000000,
      "net_income": 750000000,
      "opex": 578000000,
      "cogs": 11884000000,
      "rd": null,
      "sga": 578000000,
      "fcf": 190000000,
      "ocf": 666000000,
      "capex": -476000000,
      "gross_margin": 0.11937754723971841,
      "op_margin": 0.07654686921081882,
      "fcf_margin": 0.014079288625416821,
      "incr_op_margin_yoy": -0.028515240904621434,
      "rev_growth_yoy": 0.08150344606507454,
      "rev_growth_yoy_accel": -0.07929301411191661,
      "op_leverage_ratio": null,
      "fcf_margin_change": 0.0634045916672709
    },
    {
      "date": "2022-10-01T00:00:00",
      "quarter_label": "2022-10 (Q4)",
      "revenue": 13737000000,
      "gross_profit": 1307000000,
      "operating_income": 766000000,
      "net_income": 538000000,
      "opex": 541000000,
      "cogs": 12430000000,
      "rd": null,
      "sga": 541000000,
      "fcf": 233000000,
      "ocf": 797000000,
      "capex": -564000000,
      "gross_margin": 0.09514450025478634,
      "op_margin": 0.05576181116692145,
      "fcf_margin": 0.016961490864089684,
      "incr_op_margin_yoy": -1.2343412526997841,
      "rev_growth_yoy": 0.07228163297166497,
      "rev_growth_yoy_accel": -0.009221813093409567,
      "op_leverage_ratio": null,
      "fcf_margin_change": 0.002882202238672863
    },
    {
      "date": "2022-12-31T00:00:00",
      "quarter_label": "2022-12 (Q4)",
      "revenue": 13260000000,
      "gross_profit": 968000000,
      "operating_income": 467000000,
      "net_income": 316000000,
      "opex": 501000000,
      "cogs": 12292000000,
      "rd": null,
      "sga": 501000000,
      "fcf": 173000000,
      "ocf": 762000000,
      "capex": -589000000,
      "gross_margin": 0.07300150829562595,
      "op_margin": 0.03521870286576169,
      "fcf_margin": 0.013046757164404224,
      "incr_op_margin_yoy": -3.021406727828746,
      "rev_growth_yoy": 0.02528415680816516,
      "rev_growth_yoy_accel": -0.04699747616349981,
      "fcf_margin_change": -0.003914733699685461
    },
    {
      "date": "2023-04-01T00:00:00",
      "quarter_label": "2023-04 (Q2)",
      "revenue": 13133000000,
      "gross_profit": 527000000,
      "operating_income": -49000000,
      "net_income": -97000000,
      "opex": 576000000,
      "cogs": 12606000000,
      "rd": null,
      "sga": 576000000,
      "fcf": -501000000,
      "ocf": 7000000,
      "capex": -508000000,
      "gross_margin": 0.04012792202847788,
      "op_margin": -0.003731059163938171,
      "fcf_margin": -0.03814817634965354,
      "incr_op_margin_yoy": -75.3125,
      "rev_growth_yoy": 0.0012197911107722803,
      "rev_growth_yoy_accel": -0.024064365697392877,
      "fcf_margin_change": -0.05119493351405777
    },
    {
      "date": "2023-07-01T00:00:00",
      "quarter_label": "2023-07 (Q3)",
      "revenue": 13140000000,
      "gross_profit": 677000000,
      "operating_income": -350000000,
      "net_income": -417000000,
      "opex": 1027000000,
      "cogs": 12463000000,
      "rd": null,
      "sga": 579000000,
      "fcf": 193000000,
      "ocf": 660000000,
      "capex": -467000000,
      "gross_margin": 0.0515220700152207,
      "op_margin": -0.02663622526636225,
      "fcf_margin": 0.014687975646879757,
      "incr_op_margin_yoy": 3.895774647887324,
      "rev_growth_yoy": -0.026306039273805114,
      "rev_growth_yoy_accel": -0.027525830384577395,
      "fcf_margin_change": 0.0528361519965333
    },
    {
      "date": "2023-09-30T00:00:00",
      "quarter_label": "2023-09 (Q3)",
      "revenue": 13348000000,
      "gross_profit": 459000000,
      "operating_income": -463000000,
      "net_income": -450000000,
      "opex": 922000000,
      "cogs": 12889000000,
      "rd": null,
      "sga": 589000000,
      "fcf": -52000000,
      "ocf": 323000000,
      "capex": -375000000,
      "gross_margin": 0.03438717410848067,
      "op_margin": -0.03468684447108181,
      "fcf_margin": -0.003895714713814804,
      "incr_op_margin_yoy": 3.159383033419023,
      "rev_growth_yoy": -0.02831768217223557,
      "rev_growth_yoy_accel": -0.002011642898430456,
      "op_leverage_ratio": null,
      "fcf_margin_change": -0.01858369036069456
    },
    {
      "date": "2023-12-30T00:00:00",
      "quarter_label": "2023-12 (Q4)",
      "revenue": 13319000000,
      "gross_profit": 823000000,
      "operating_income": 231000000,
      "net_income": 107000000,
      "opex": 592000000,
      "cogs": 12496000000,
      "rd": null,
      "sga": 592000000,
      "fcf": 946000000,
      "ocf": 1300000000,
      "capex": -354000000,
      "gross_margin": 0.06179142578271642,
      "op_margin": 0.01734364441774908,
      "fcf_margin": 0.07102635332982957,
      "incr_op_margin_yoy": -4.0,
      "rev_growth_yoy": 0.00444947209653092,
      "rev_growth_yoy_accel": 0.03276715426876649,
      "fcf_margin_change": 0.07492206804364437
    },
    {
      "date": "2024-03-30T00:00:00",
      "quarter_label": "2024-03 (Q1)",
      "revenue": 13072000000,
      "gross_profit": 866000000,
      "operating_income": 312000000,
      "net_income": 145000000,
      "opex": 554000000,
      "cogs": 12206000000,
      "rd": null,
      "sga": 554000000,
      "fcf": -390000000,
      "ocf": -123000000,
      "capex": -267000000,
      "gross_margin": 0.06624847001223991,
      "op_margin": 0.02386780905752754,
      "fcf_margin": -0.029834761321909424,
      "incr_op_margin_yoy": -5.918032786885246,
      "rev_growth_yoy": -0.004644787938780172,
      "rev_growth_yoy_accel": -0.00909426003531109,
      "fcf_margin_change": -0.100861114651739
    },
    {
      "date": "2024-06-29T00:00:00",
      "quarter_label": "2024-06 (Q2)",
      "revenue": 13353000000,
      "gross_profit": 878000000,
      "operating_income": 341000000,
      "net_income": 191000000,
      "opex": 537000000,
      "cogs": 12475000000,
      "rd": null,
      "sga": 537000000,
      "fcf": 533000000,
      "ocf": 796000000,
      "capex": -263000000,
      "gross_margin": 0.06575301430390175,
      "op_margin": 0.025537332434658878,
      "fcf_margin": 0.03991612371751666,
      "incr_op_margin_yoy": 3.244131455399061,
      "rev_growth_yoy": 0.016210045662100457,
      "rev_growth_yoy_accel": 0.02085483360088063,
      "op_leverage_ratio": null,
      "fcf_margin_change": 0.06975088503942609
    },
    {
      "date": "2024-09-28T00:00:00",
      "quarter_label": "2024-09 (Q3)",
      "revenue": 13565000000,
      "gross_profit": 1060000000,
      "operating_income": 525000000,
      "net_income": 357000000,
      "opex": 535000000,
      "cogs": 12505000000,
      "rd": null,
      "sga": 535000000,
      "fcf": 369000000,
      "ocf": 617000000,
      "capex": -248000000,
      "gross_margin": 0.07814227792112054,
      "op_margin": 0.03870254330998894,
      "fcf_margin": 0.027202359012163658,
      "incr_op_margin_yoy": 4.552995391705069,
      "rev_growth_yoy": 0.016257117171111776,
      "rev_growth_yoy_accel": 4.707150901131843e-05,
      "op_leverage_ratio": null,
      "fcf_margin_change": -0.012713764705353004
    },
    {
      "date": "2024-12-28T00:00:00",
      "quarter_label": "2024-12 (Q4)",
      "revenue": 13623000000,
      "gross_profit": 1095000000,
      "operating_income": 580000000,
      "net_income": 359000000,
      "opex": 515000000,
      "cogs": 12528000000,
      "rd": null,
      "sga": 515000000,
      "fcf": 760000000,
      "ocf": 1031000000,
      "capex": -271000000,
      "gross_margin": 0.08037877119577186,
      "op_margin": 0.04257505688908464,
      "fcf_margin": 0.05578800557880056,
      "incr_op_margin_yoy": 1.1480263157894737,
      "rev_growth_yoy": 0.02282453637660485,
      "rev_growth_yoy_accel": 0.006567419205493075,
      "fcf_margin_change": 0.0285856465666369
    },
    {
      "date": "2025-03-29T00:00:00",
      "quarter_label": "2025-03 (Q1)",
      "revenue": 13074000000,
      "gross_profit": 600000000,
      "operating_income": 100000000,
      "net_income": 7000000,
      "opex": 500000000,
      "cogs": 12474000000,
      "rd": null,
      "sga": 500000000,
      "fcf": -378000000,
      "ocf": -185000000,
      "capex": -193000000,
      "gross_margin": 0.04589261128958238,
      "op_margin": 0.00764876854826373,
      "fcf_margin": -0.0289123451124369,
      "incr_op_margin_yoy": -106.0,
      "rev_growth_yoy": 0.0001529987760097919,
      "rev_growth_yoy_accel": -0.02267153760059506,
      "fcf_margin_change": -0.08470035069123746
    },
    {
      "date": "2025-06-28T00:00:00",
      "quarter_label": "2025-06 (Q2)",
      "revenue": 13884000000,
      "gross_profit": 1141000000,
      "operating_income": 260000000,
      "net_income": 61000000,
      "opex": 881000000,
      "cogs": 12743000000,
      "rd": null,
      "sga": 538000000,
      "fcf": 547000000,
      "ocf": 774000000,
      "capex": -227000000,
      "gross_margin": 0.08218092768654567,
      "op_margin": 0.018726591760299626,
      "fcf_margin": 0.03939786804955344,
      "incr_op_margin_yoy": -0.15254237288135594,
      "rev_growth_yoy": 0.03976634464165356,
      "rev_growth_yoy_accel": 0.039613345865643766,
      "op_leverage_ratio": 0.08130580740280342,
      "fcf_margin_change": 0.06831021316199035
    },
    {
      "date": "2025-09-27T00:00:00",
      "quarter_label": "2025-09 (Q3)",
      "revenue": 13860000000,
      "gross_profit": 726000000,
      "operating_income": 158000000,
      "net_income": 47000000,
      "opex": 568000000,
      "cogs": 13134000000,
      "rd": null,
      "sga": 568000000,
      "fcf": 248000000,
      "ocf": 535000000,
      "capex": -287000000,
      "gross_margin": 0.05238095238095238,
      "op_margin": 0.0113997113997114,
      "fcf_margin": 0.017893217893217895,
      "incr_op_margin_yoy": -1.2440677966101694,
      "rev_growth_yoy": 0.021747143383708072,
      "rev_growth_yoy_accel": -0.018019201257945486,
      "fcf_margin_change": -0.021504650156335545
    },
    {
      "date": "2025-12-27T00:00:00",
      "quarter_label": "2025-12 (Q4)",
      "revenue": 14313000000,
      "gross_profit": 808000000,
      "operating_income": 302000000,
      "net_income": 85000000,
      "opex": 506000000,
      "cogs": 13505000000,
      "rd": null,
      "sga": 506000000,
      "fcf": 690000000,
      "ocf": 942000000,
      "capex": -252000000,
      "gross_margin": 0.056452176343184515,
      "op_margin": 0.021099699573814017,
      "fcf_margin": 0.048207922867323415,
      "incr_op_margin_yoy": -0.4028985507246377,
      "rev_growth_yoy": 0.050649636643911033,
      "rev_growth_yoy_accel": 0.02890249326020296,
      "op_leverage_ratio": null,
      "fcf_margin_change": 0.03031470497410552
    }
  ],
  "signals": [
    {
      "quarter": "2025-06 (Q2)",
      "signal": "FCF TURNED POSITIVE",
      "detail": "FCF margin: -2.9% -> +3.9%",
      "severity": "HIGH"
    },
    {
      "quarter": "2025-06 (Q2)",
      "signal": "GROSS MARGIN INFLECTION",
      "detail": "GM: +8.0% -> +4.6% -> +8.2% (reversal +3.6%)",
      "severity": "MEDIUM"
    },
    {
      "quarter": "2024-12 (Q4)",
      "signal": "INCREMENTAL MARGIN (YoY)",
      "detail": "YoY Incr OPM: +114.8% vs year-ago OPM: +1.7%",
      "severity": "HIGH"
    },
    {
      "quarter": "2024-09 (Q3)",
      "signal": "OP MARGIN TURNED POSITIVE (YoY)",
      "detail": "Op margin: -3.5% (year-ago) -> +3.9%",
      "severity": "HIGH"
    },
    {
      "quarter": "2024-06 (Q2)",
      "signal": "FCF TURNED POSITIVE",
      "detail": "FCF margin: -3.0% -> +4.0%",
      "severity": "HIGH"
    },
    {
      "quarter": "2024-06 (Q2)",
      "signal": "OP MARGIN TURNED POSITIVE (YoY)",
      "detail": "Op margin: -2.7% (year-ago) -> +2.6%",
      "severity": "HIGH"
    },
    {
      "quarter": "2024-03 (Q1)",
      "signal": "OP MARGIN TURNED POSITIVE (YoY)",
      "detail": "Op margin: -0.4% (year-ago) -> +2.4%",
      "severity": "HIGH"
    },
    {
      "quarter": "2023-12 (Q4)",
      "signal": "FCF TURNED POSITIVE",
      "detail": "FCF margin: -0.4% -> +7.1%",
      "severity": "HIGH"
    },
    {
      "quarter": "2023-12 (Q4)",
      "signal": "GROSS MARGIN INFLECTION",
      "detail": "GM: +5.2% -> +3.4% -> +6.2% (reversal +2.7%)",
      "severity": "MEDIUM"
    },
    {
      "quarter": "2023-12 (Q4)",
      "signal": "OP MARGIN TURNED POSITIVE (QoQ)",
      "detail": "Op margin: -3.5% -> +1.7%",
      "severity": "HIGH"
    },
    {
      "quarter": "2023-07 (Q3)",
      "signal": "FCF TURNED POSITIVE",
      "detail": "FCF margin: -3.8% -> +1.5%",
      "severity": "HIGH"
    },
    {
      "quarter": "2022-07 (Q3)",
      "signal": "FCF TURNED POSITIVE",
      "detail": "FCF margin: -4.9% -> +1.4%",
      "severity": "HIGH"
    },
    {
      "quarter": "2022-07 (Q3)",
      "signal": "YoY REVENUE GROWTH DECELERATION",
      "detail": "YoY growth: +8.2% vs prior quarter YoY: +16.1% (decel: -7.9%)",
      "severity": "WARNING"
    },
    {
      "quarter": "2022-04 (Q2)",
      "signal": "INCREMENTAL MARGIN (YoY)",
      "detail": "YoY Incr OPM: +24.0% vs year-ago OPM: +6.4%",
      "severity": "MEDIUM"
    },
    {
      "quarter": "2021-10 (Q4)",
      "signal": "OPERATING LEVERAGE",
      "detail": "Rev growth +2.7% vs OpEx growth +1.6% (leverage: 1.7x)",
      "severity": "MEDIUM"
    },
    {
      "quarter": "2021-07 (Q3)",
      "signal": "FCF TURNED POSITIVE",
      "detail": "FCF margin: -2.7% -> +8.1%",
      "severity": "HIGH"
    },
    {
      "quarter": "2021-07 (Q3)",
      "signal": "OPERATING LEVERAGE",
      "detail": "Rev growth +10.4% vs OpEx growth +4.7% (leverage: 2.2x)",
      "severity": "MEDIUM"
    }
  ],
  "data_quality": {
    "n_quarters": 20,
    "coverage": {
      "revenue": [
        20,
        20
      ],
      "gross_profit": [
        20,
        20
      ],
      "op_income": [
        20,
        20
      ],
      "fcf": [
        20,
        20
      ]
    },
    "gaps": [],
    "warnings": []
  },
  "market_cap": null,
  "source": "SEC EDGAR",
  "last_updated": "2026-02-04T13:48:38.713658"
}