{
  "ticker": "TSQ",
  "name": "Townsquare Media, Inc.",
  "quarters": [
    {
      "date": "2020-12-31T00:00:00",
      "quarter_label": "2020-12 (Q4)",
      "revenue": 108494000,
      "gross_profit": null,
      "operating_income": 21263000,
      "net_income": 4067000,
      "opex": 87231000,
      "cogs": null,
      "rd": null,
      "sga": null,
      "fcf": 4346000,
      "ocf": 8040000,
      "capex": -3694000,
      "gross_margin": null,
      "op_margin": 0.19598318801039688,
      "fcf_margin": 0.040057514701273805
    },
    {
      "date": "2021-03-31T00:00:00",
      "quarter_label": "2021-03 (Q1)",
      "revenue": 88761000,
      "gross_profit": 85761000,
      "operating_income": 8811000,
      "net_income": -6549000,
      "opex": 79950000,
      "cogs": 3000000,
      "rd": null,
      "sga": null,
      "fcf": 17557000,
      "ocf": 19417000,
      "capex": -1860000,
      "gross_margin": 0.9662013722242877,
      "op_margin": 0.09926656977726704,
      "fcf_margin": 0.197800835952727,
      "fcf_margin_change": 0.15774332125145318
    },
    {
      "date": "2021-06-30T00:00:00",
      "quarter_label": "2021-06 (Q2)",
      "revenue": 107338000,
      "gross_profit": null,
      "operating_income": 23820000,
      "net_income": 9432000,
      "opex": 83518000,
      "cogs": null,
      "rd": null,
      "sga": null,
      "fcf": 8742000,
      "ocf": 11721000,
      "capex": -2979000,
      "gross_margin": null,
      "op_margin": 0.22191581732471258,
      "fcf_margin": 0.08144366394007714,
      "op_leverage_ratio": 4.689721113578394,
      "fcf_margin_change": -0.11635717201264985
    },
    {
      "date": "2021-09-30T00:00:00",
      "quarter_label": "2021-09 (Q3)",
      "revenue": 111280000,
      "gross_profit": null,
      "operating_income": 22981000,
      "net_income": 12405000,
      "opex": 88299000,
      "cogs": null,
      "rd": null,
      "sga": null,
      "fcf": 3965000,
      "ocf": 6966000,
      "capex": -3001000,
      "gross_margin": null,
      "op_margin": 0.20651509705248022,
      "fcf_margin": 0.035630841121495324,
      "op_leverage_ratio": 0.6415410684179006,
      "fcf_margin_change": -0.045812822818581816
    },
    {
      "date": "2021-12-31T00:00:00",
      "quarter_label": "2021-12 (Q4)",
      "revenue": 110578000,
      "gross_profit": null,
      "operating_income": 18866000,
      "net_income": 1448000,
      "opex": 91712000,
      "cogs": null,
      "rd": null,
      "sga": null,
      "fcf": 18396000,
      "ocf": 22979000,
      "capex": -4583000,
      "gross_margin": null,
      "op_margin": 0.17061259925120728,
      "fcf_margin": 0.1663622058637342,
      "incr_op_margin_yoy": -1.1501919385796544,
      "rev_growth_yoy": 0.019208435489520156,
      "fcf_margin_change": 0.1307313647422389
    },
    {
      "date": "2022-03-31T00:00:00",
      "quarter_label": "2022-03 (Q1)",
      "revenue": 100242000,
      "gross_profit": null,
      "operating_income": 15814000,
      "net_income": 2224000,
      "opex": 84428000,
      "cogs": null,
      "rd": null,
      "sga": null,
      "fcf": 5801000,
      "ocf": 8566000,
      "capex": -2765000,
      "gross_margin": null,
      "op_margin": 0.15775822509526946,
      "fcf_margin": 0.05786995470960276,
      "incr_op_margin_yoy": 0.6099642888250152,
      "rev_growth_yoy": 0.129347348497651,
      "rev_growth_yoy_accel": 0.11013891300813085,
      "fcf_margin_change": -0.10849225115413144
    },
    {
      "date": "2022-06-30T00:00:00",
      "quarter_label": "2022-06 (Q2)",
      "revenue": 121924000,
      "gross_profit": null,
      "operating_income": 16867000,
      "net_income": 4394000,
      "opex": 105057000,
      "cogs": null,
      "rd": null,
      "sga": null,
      "fcf": 9577000,
      "ocf": 14439000,
      "capex": -4862000,
      "gross_margin": null,
      "op_margin": 0.13834027754994915,
      "fcf_margin": 0.07854893212164955,
      "incr_op_margin_yoy": -0.4766899766899767,
      "rev_growth_yoy": 0.13588850174216027,
      "rev_growth_yoy_accel": 0.006541153244509268,
      "op_leverage_ratio": 0.8852337080558615,
      "fcf_margin_change": 0.020678977412046794
    },
    {
      "date": "2022-09-30T00:00:00",
      "quarter_label": "2022-09 (Q3)",
      "revenue": 120635000,
      "gross_profit": null,
      "operating_income": 14532000,
      "net_income": 2260000,
      "opex": 106103000,
      "cogs": null,
      "rd": null,
      "sga": null,
      "fcf": 3628000,
      "ocf": 9101000,
      "capex": -5473000,
      "gross_margin": null,
      "op_margin": 0.1204625523272682,
      "fcf_margin": 0.030074190740663986,
      "incr_op_margin_yoy": -0.9031533939070016,
      "rev_growth_yoy": 0.08406721782890007,
      "rev_growth_yoy_accel": -0.0518212839132602,
      "fcf_margin_change": -0.048474741380985564
    },
    {
      "date": "2022-12-31T00:00:00",
      "quarter_label": "2022-12 (Q4)",
      "revenue": 120276000,
      "gross_profit": null,
      "operating_income": 8377000,
      "net_income": 3459000,
      "opex": 111899000,
      "cogs": null,
      "rd": null,
      "sga": null,
      "fcf": 15351000,
      "ocf": 18079000,
      "capex": -2728000,
      "gross_margin": null,
      "op_margin": 0.06964814260534105,
      "fcf_margin": 0.12763144767035817,
      "incr_op_margin_yoy": -1.0815632089090534,
      "rev_growth_yoy": 0.08770279802492359,
      "rev_growth_yoy_accel": 0.0036355801960235162,
      "fcf_margin_change": 0.09755725692969418
    },
    {
      "date": "2023-03-31T00:00:00",
      "quarter_label": "2023-03 (Q1)",
      "revenue": 103110000,
      "gross_profit": null,
      "operating_income": 4238000,
      "net_income": -2421000,
      "opex": 98872000,
      "cogs": null,
      "rd": null,
      "sga": null,
      "fcf": 5716000,
      "ocf": 9355000,
      "capex": -3639000,
      "gross_margin": null,
      "op_margin": 0.041101736010086314,
      "fcf_margin": 0.05543594219765299,
      "incr_op_margin_yoy": -4.036262203626221,
      "rev_growth_yoy": 0.02861076195606632,
      "rev_growth_yoy_accel": -0.05909203606885727,
      "fcf_margin_change": -0.07219550547270517
    },
    {
      "date": "2023-06-30T00:00:00",
      "quarter_label": "2023-06 (Q2)",
      "revenue": 121231000,
      "gross_profit": null,
      "operating_income": -4828000,
      "net_income": -3200000,
      "opex": 126059000,
      "cogs": null,
      "rd": null,
      "sga": null,
      "fcf": 18554000,
      "ocf": 22051000,
      "capex": -3497000,
      "gross_margin": null,
      "op_margin": -0.03982479728782242,
      "fcf_margin": 0.1530466629822405,
      "rev_growth_yoy": -0.005683868639480332,
      "rev_growth_yoy_accel": -0.03429463059554665,
      "op_leverage_ratio": 0.6391361842704684,
      "fcf_margin_change": 0.09761072078458752
    },
    {
      "date": "2023-09-30T00:00:00",
      "quarter_label": "2023-09 (Q3)",
      "revenue": 115104000,
      "gross_profit": null,
      "operating_income": -10659000,
      "net_income": -36999000,
      "opex": 125763000,
      "cogs": null,
      "rd": null,
      "sga": null,
      "fcf": 3321000,
      "ocf": 7558000,
      "capex": -4237000,
      "gross_margin": null,
      "op_margin": -0.09260321100917432,
      "fcf_margin": 0.028852168473728106,
      "incr_op_margin_yoy": 4.554510938347496,
      "rev_growth_yoy": -0.04584904878352054,
      "rev_growth_yoy_accel": -0.040165180144040205,
      "fcf_margin_change": -0.1241944945085124
    },
    {
      "date": "2023-12-31T00:00:00",
      "quarter_label": "2023-12 (Q4)",
      "revenue": 114786000,
      "gross_profit": null,
      "operating_income": -7890000,
      "net_income": -2341000,
      "opex": 122676000,
      "cogs": null,
      "rd": null,
      "sga": null,
      "fcf": 25257000,
      "ocf": 28863000,
      "capex": -3606000,
      "gross_margin": null,
      "op_margin": -0.06873660550938268,
      "fcf_margin": 0.22003554440436987,
      "incr_op_margin_yoy": 2.963023679417122,
      "rev_growth_yoy": -0.04564501646213708,
      "rev_growth_yoy_accel": 0.0002040323213834544,
      "fcf_margin_change": 0.19118337593064177
    },
    {
      "date": "2024-03-31T00:00:00",
      "quarter_label": "2024-03 (Q1)",
      "revenue": 99633000,
      "gross_profit": 22738000,
      "operating_income": 6640000,
      "net_income": 1136000,
      "opex": 92993000,
      "cogs": null,
      "rd": null,
      "sga": null,
      "fcf": -2757000,
      "ocf": 1671000,
      "capex": -4428000,
      "gross_margin": 0.22821755843947286,
      "op_margin": 0.06664458562925939,
      "fcf_margin": -0.027671554605401823,
      "incr_op_margin_yoy": -0.6908254242162783,
      "rev_growth_yoy": -0.03372126854815246,
      "rev_growth_yoy_accel": 0.011923747913984623,
      "fcf_margin_change": -0.2477070990097717
    },
    {
      "date": "2024-06-30T00:00:00",
      "quarter_label": "2024-06 (Q2)",
      "revenue": 118225000,
      "gross_profit": 32713000,
      "operating_income": -21370000,
      "net_income": -49244000,
      "opex": 139595000,
      "cogs": null,
      "rd": null,
      "sga": null,
      "fcf": 4762000,
      "ocf": 9013000,
      "capex": -4251000,
      "gross_margin": 0.27670120532882214,
      "op_margin": -0.18075703108479593,
      "fcf_margin": 0.040279128779868896,
      "incr_op_margin_yoy": 5.502994011976048,
      "rev_growth_yoy": -0.024795638079369138,
      "rev_growth_yoy_accel": 0.008925630468783322,
      "op_leverage_ratio": 0.37236478829193614,
      "fcf_margin_change": 0.06795068338527072
    },
    {
      "date": "2024-09-30T00:00:00",
      "quarter_label": "2024-09 (Q3)",
      "revenue": 115311000,
      "gross_profit": 31517000,
      "operating_income": 15097000,
      "net_income": 10847000,
      "opex": 100214000,
      "cogs": null,
      "rd": null,
      "sga": null,
      "fcf": 4781000,
      "ocf": 9873000,
      "capex": -5092000,
      "gross_margin": 0.27332171258596316,
      "op_margin": 0.13092419630390856,
      "fcf_margin": 0.0414617859527712,
      "rev_growth_yoy": 0.0017983736447039198,
      "rev_growth_yoy_accel": 0.02659401172407306,
      "fcf_margin_change": 0.0011826571729023072
    },
    {
      "date": "2024-12-31T00:00:00",
      "quarter_label": "2024-12 (Q4)",
      "revenue": 117813000,
      "gross_profit": 37232000,
      "operating_income": 21326000,
      "net_income": 24557000,
      "opex": 96487000,
      "cogs": null,
      "rd": null,
      "sga": null,
      "fcf": 24521000,
      "ocf": 28191000,
      "capex": -3670000,
      "gross_margin": 0.31602624498145365,
      "op_margin": 0.18101567738704558,
      "fcf_margin": 0.20813492568731803,
      "incr_op_margin_yoy": 9.651800462504129,
      "rev_growth_yoy": 0.02637081177147039,
      "rev_growth_yoy_accel": 0.024572438126766467,
      "op_leverage_ratio": Infinity,
      "fcf_margin_change": 0.16667313973454684
    },
    {
      "date": "2025-03-31T00:00:00",
      "quarter_label": "2025-03 (Q1)",
      "revenue": 98675000,
      "gross_profit": 22859000,
      "operating_income": 7133000,
      "net_income": -1982000,
      "opex": 91542000,
      "cogs": null,
      "rd": null,
      "sga": null,
      "fcf": -4541000,
      "ocf": -66000,
      "capex": -4475000,
      "gross_margin": 0.23165948821890042,
      "op_margin": 0.07228781352926274,
      "fcf_margin": -0.04601976184443882,
      "rev_growth_yoy": -0.00961528810735399,
      "rev_growth_yoy_accel": -0.03598609987882438,
      "fcf_margin_change": -0.25415468753175685
    },
    {
      "date": "2025-06-30T00:00:00",
      "quarter_label": "2025-06 (Q2)",
      "revenue": 115448000,
      "gross_profit": 32619000,
      "operating_income": 21050000,
      "net_income": 1567000,
      "opex": 94398000,
      "cogs": null,
      "rd": null,
      "sga": null,
      "fcf": 6405000,
      "ocf": 10195000,
      "capex": -3790000,
      "gross_margin": 0.2825427898274548,
      "op_margin": 0.18233317164437668,
      "fcf_margin": 0.055479523248562125,
      "incr_op_margin_yoy": -15.275477133597407,
      "rev_growth_yoy": -0.023489109748361176,
      "rev_growth_yoy_accel": -0.013873821641007186,
      "op_leverage_ratio": 5.448360120333921,
      "fcf_margin_change": 0.10149928509300093
    },
    {
      "date": "2025-09-30T00:00:00",
      "quarter_label": "2025-09 (Q3)",
      "revenue": 106759000,
      "gross_profit": 28001000,
      "operating_income": 5936000,
      "net_income": -5902000,
      "opex": 100823000,
      "cogs": null,
      "rd": null,
      "sga": null,
      "fcf": 4325000,
      "ocf": 7880000,
      "capex": -3555000,
      "gross_margin": 0.26228233685216235,
      "op_margin": 0.055601869631600145,
      "fcf_margin": 0.04051180696709411,
      "incr_op_margin_yoy": 1.0712114125350796,
      "rev_growth_yoy": -0.07416465038027595,
      "rev_growth_yoy_accel": -0.050675540631914776,
      "fcf_margin_change": -0.014967716281468015
    }
  ],
  "signals": [
    {
      "quarter": "2025-09 (Q3)",
      "signal": "YoY REVENUE GROWTH DECELERATION",
      "detail": "YoY growth: -7.4% vs prior quarter YoY: -2.3% (decel: -5.1%)",
      "severity": "WARNING"
    },
    {
      "quarter": "2025-09 (Q3)",
      "signal": "INCREMENTAL MARGIN (YoY)",
      "detail": "YoY Incr OPM: +107.1% vs year-ago OPM: +13.1%",
      "severity": "HIGH"
    },
    {
      "quarter": "2025-06 (Q2)",
      "signal": "FCF TURNED POSITIVE",
      "detail": "FCF margin: -4.6% -> +5.5%",
      "severity": "HIGH"
    },
    {
      "quarter": "2025-06 (Q2)",
      "signal": "OPERATING LEVERAGE",
      "detail": "Rev growth +17.0% vs OpEx growth +3.1% (leverage: 5.4x)",
      "severity": "MEDIUM"
    },
    {
      "quarter": "2025-06 (Q2)",
      "signal": "GROSS MARGIN INFLECTION",
      "detail": "GM: +31.6% -> +23.2% -> +28.3% (reversal +5.1%)",
      "severity": "HIGH"
    },
    {
      "quarter": "2025-06 (Q2)",
      "signal": "OP MARGIN TURNED POSITIVE (YoY)",
      "detail": "Op margin: -18.1% (year-ago) -> +18.2%",
      "severity": "HIGH"
    },
    {
      "quarter": "2024-12 (Q4)",
      "signal": "FCF MARGIN EXPANSION",
      "detail": "FCF margin: +4.1% -> +20.8% (+16.7%)",
      "severity": "MEDIUM"
    },
    {
      "quarter": "2024-12 (Q4)",
      "signal": "GROSS MARGIN INFLECTION",
      "detail": "GM: +27.7% -> +27.3% -> +31.6% (reversal +4.3%)",
      "severity": "MEDIUM"
    },
    {
      "quarter": "2024-12 (Q4)",
      "signal": "OP MARGIN TURNED POSITIVE (YoY)",
      "detail": "Op margin: -6.9% (year-ago) -> +18.1%",
      "severity": "HIGH"
    },
    {
      "quarter": "2024-09 (Q3)",
      "signal": "OP MARGIN TURNED POSITIVE (YoY)",
      "detail": "Op margin: -9.3% (year-ago) -> +13.1%",
      "severity": "HIGH"
    },
    {
      "quarter": "2024-09 (Q3)",
      "signal": "OP MARGIN TURNED POSITIVE (QoQ)",
      "detail": "Op margin: -18.1% -> +13.1%",
      "severity": "HIGH"
    },
    {
      "quarter": "2024-06 (Q2)",
      "signal": "FCF TURNED POSITIVE",
      "detail": "FCF margin: -2.8% -> +4.0%",
      "severity": "HIGH"
    },
    {
      "quarter": "2024-03 (Q1)",
      "signal": "OP MARGIN TURNED POSITIVE (QoQ)",
      "detail": "Op margin: -6.9% -> +6.7%",
      "severity": "HIGH"
    },
    {
      "quarter": "2023-12 (Q4)",
      "signal": "FCF MARGIN EXPANSION",
      "detail": "FCF margin: +2.9% -> +22.0% (+19.1%)",
      "severity": "MEDIUM"
    },
    {
      "quarter": "2023-06 (Q2)",
      "signal": "FCF MARGIN EXPANSION",
      "detail": "FCF margin: +5.5% -> +15.3% (+9.8%)",
      "severity": "MEDIUM"
    },
    {
      "quarter": "2023-03 (Q1)",
      "signal": "YoY REVENUE GROWTH DECELERATION",
      "detail": "YoY growth: +2.9% vs prior quarter YoY: +8.8% (decel: -5.9%)",
      "severity": "WARNING"
    },
    {
      "quarter": "2022-12 (Q4)",
      "signal": "FCF MARGIN EXPANSION",
      "detail": "FCF margin: +3.0% -> +12.8% (+9.8%)",
      "severity": "MEDIUM"
    },
    {
      "quarter": "2022-09 (Q3)",
      "signal": "YoY REVENUE GROWTH DECELERATION",
      "detail": "YoY growth: +8.4% vs prior quarter YoY: +13.6% (decel: -5.2%)",
      "severity": "WARNING"
    },
    {
      "quarter": "2022-03 (Q1)",
      "signal": "YoY REVENUE GROWTH ACCELERATION",
      "detail": "YoY growth: +12.9% vs prior quarter YoY: +1.9% (accel: +11.0%)",
      "severity": "MEDIUM"
    },
    {
      "quarter": "2022-03 (Q1)",
      "signal": "INCREMENTAL MARGIN (YoY)",
      "detail": "YoY Incr OPM: +61.0% vs year-ago OPM: +9.9%",
      "severity": "HIGH"
    },
    {
      "quarter": "2021-12 (Q4)",
      "signal": "FCF MARGIN EXPANSION",
      "detail": "FCF margin: +3.6% -> +16.6% (+13.1%)",
      "severity": "MEDIUM"
    },
    {
      "quarter": "2021-06 (Q2)",
      "signal": "OPERATING LEVERAGE",
      "detail": "Rev growth +20.9% vs OpEx growth +4.5% (leverage: 4.7x)",
      "severity": "MEDIUM"
    },
    {
      "quarter": "2021-03 (Q1)",
      "signal": "FCF MARGIN EXPANSION",
      "detail": "FCF margin: +4.0% -> +19.8% (+15.8%)",
      "severity": "MEDIUM"
    }
  ],
  "data_quality": {
    "n_quarters": 20,
    "coverage": {
      "revenue": [
        20,
        20
      ],
      "gross_profit": [
        8,
        20
      ],
      "op_income": [
        20,
        20
      ],
      "fcf": [
        20,
        20
      ]
    },
    "gaps": [],
    "warnings": [
      "gross_profit: 8/20Q"
    ]
  },
  "market_cap": null,
  "source": "SEC EDGAR",
  "last_updated": "2026-02-02T23:21:59.702367"
}