{
  "ticker": "TTAN",
  "name": "ServiceTitan, Inc.",
  "quarters": [
    {
      "date": "2023-10-31T00:00:00",
      "quarter_label": "2023-10 (Q4)",
      "revenue": 160084000,
      "gross_profit": 102768000,
      "operating_income": -36146000,
      "net_income": -39672000,
      "opex": 138914000,
      "cogs": 57316000,
      "rd": 49094000,
      "sga": null,
      "fcf": null,
      "ocf": null,
      "capex": null,
      "gross_margin": 0.6419629694410435,
      "op_margin": -0.2257939581719597,
      "fcf_margin": null
    },
    {
      "date": "2024-01-31T00:00:00",
      "quarter_label": "2024-01 (Q1)",
      "revenue": 161764000,
      "gross_profit": 100212000,
      "operating_income": -48091000,
      "net_income": -51412000,
      "opex": 148303000,
      "cogs": 61552000,
      "rd": 54420000,
      "sga": null,
      "fcf": 909000,
      "ocf": 5862000,
      "capex": -4953000,
      "gross_margin": 0.6194950668875646,
      "op_margin": -0.29729111545214015,
      "fcf_margin": 0.005619297247842536,
      "op_leverage_ratio": 0.1552701713057669
    },
    {
      "date": "2024-04-30T00:00:00",
      "quarter_label": "2024-04 (Q2)",
      "revenue": 170328000,
      "gross_profit": 105980000,
      "operating_income": -53428000,
      "net_income": -56039000,
      "opex": 159408000,
      "cogs": 64348000,
      "rd": 58613000,
      "sga": null,
      "fcf": -19852000,
      "ocf": -19224000,
      "capex": -628000,
      "gross_margin": 0.622211262974966,
      "op_margin": -0.3136771405758302,
      "fcf_margin": -0.11655159457047579,
      "op_leverage_ratio": 0.7070109739358156,
      "fcf_margin_change": -0.12217089181831832
    },
    {
      "date": "2024-07-31T00:00:00",
      "quarter_label": "2024-07 (Q3)",
      "revenue": 192994000,
      "gross_profit": 126826000,
      "operating_income": -32610000,
      "net_income": -35652000,
      "opex": 159436000,
      "cogs": 66168000,
      "rd": 62449000,
      "sga": null,
      "fcf": 24143000,
      "ocf": 25316000,
      "capex": -1173000,
      "gross_margin": 0.6571499632112915,
      "op_margin": -0.16896898349171477,
      "fcf_margin": 0.12509715327937657,
      "op_leverage_ratio": Infinity,
      "fcf_margin_change": 0.24164874784985235
    },
    {
      "date": "2024-10-31T00:00:00",
      "quarter_label": "2024-10 (Q4)",
      "revenue": 199275000,
      "gross_profit": 129945000,
      "operating_income": -44048000,
      "net_income": -46460000,
      "opex": 173993000,
      "cogs": 69330000,
      "rd": 65935000,
      "sga": null,
      "fcf": 14532000,
      "ocf": 15534000,
      "capex": -1002000,
      "gross_margin": 0.6520888219796763,
      "op_margin": -0.2210412746204993,
      "fcf_margin": 0.07292435077154685,
      "incr_op_margin_yoy": -0.20162792477864816,
      "rev_growth_yoy": 0.24481522200844558,
      "op_leverage_ratio": 0.35645071815907003,
      "fcf_margin_change": -0.05217280250782971
    },
    {
      "date": "2025-01-31T00:00:00",
      "quarter_label": "2025-01 (Q1)",
      "revenue": 209281000,
      "gross_profit": 138176000,
      "operating_income": -99866000,
      "net_income": -100943000,
      "opex": 238042000,
      "cogs": 71105000,
      "rd": 76057000,
      "sga": null,
      "fcf": 14430000,
      "ocf": 15427000,
      "capex": -997000,
      "gross_margin": 0.6602414934943928,
      "op_margin": -0.47718617552477294,
      "fcf_margin": 0.06895035860876048,
      "incr_op_margin_yoy": -1.0896100343035124,
      "rev_growth_yoy": 0.29374273633194037,
      "rev_growth_yoy_accel": 0.04892751432349479,
      "op_leverage_ratio": 0.13640399922842444,
      "fcf_margin_change": -0.003973992162786377
    },
    {
      "date": "2025-04-30T00:00:00",
      "quarter_label": "2025-04 (Q2)",
      "revenue": 215692000,
      "gross_profit": 148396000,
      "operating_income": -49536000,
      "net_income": -46364000,
      "opex": 197932000,
      "cogs": 67296000,
      "rd": 69140000,
      "sga": null,
      "fcf": -15862000,
      "ocf": -14570000,
      "capex": -1292000,
      "gross_margin": 0.6879995549209057,
      "op_margin": -0.22966081264024626,
      "fcf_margin": -0.07354004784600264,
      "incr_op_margin_yoy": 0.08579490344766776,
      "rev_growth_yoy": 0.2663331924287258,
      "rev_growth_yoy_accel": -0.027409543903214595,
      "op_leverage_ratio": Infinity,
      "fcf_margin_change": -0.14249040645476313
    },
    {
      "date": "2025-07-31T00:00:00",
      "quarter_label": "2025-07 (Q3)",
      "revenue": 242123000,
      "gross_profit": 171349000,
      "operating_income": -34772000,
      "net_income": -32225000,
      "opex": 206121000,
      "cogs": 70774000,
      "rd": 73065000,
      "sga": null,
      "fcf": 39230000,
      "ocf": 40340000,
      "capex": -1110000,
      "gross_margin": 0.7076940232856854,
      "op_margin": -0.1436129570507552,
      "fcf_margin": 0.1620250864230164,
      "incr_op_margin_yoy": -0.044006594882859414,
      "rev_growth_yoy": 0.2545623179995233,
      "rev_growth_yoy_accel": -0.011770874429202494,
      "op_leverage_ratio": 2.9618611765794127,
      "fcf_margin_change": 0.23556513426901904
    },
    {
      "date": "2025-10-31T00:00:00",
      "quarter_label": "2025-10 (Q4)",
      "revenue": 249163000,
      "gross_profit": 176340000,
      "operating_income": -42226000,
      "net_income": -39527000,
      "opex": 218566000,
      "cogs": 72823000,
      "rd": 78522000,
      "sga": null,
      "fcf": 42178000,
      "ocf": 43780000,
      "capex": -1602000,
      "gross_margin": 0.7077294782933261,
      "op_margin": -0.16947139021443794,
      "fcf_margin": 0.16927874523906036,
      "incr_op_margin_yoy": 0.0365218088518281,
      "rev_growth_yoy": 0.25034750972274494,
      "rev_growth_yoy_accel": -0.004214808276778337,
      "op_leverage_ratio": 0.48157502141973013,
      "fcf_margin_change": 0.007253658816043951
    }
  ],
  "signals": [
    {
      "quarter": "2025-07 (Q3)",
      "signal": "FCF TURNED POSITIVE",
      "detail": "FCF margin: -7.4% -> +16.2%",
      "severity": "HIGH"
    },
    {
      "quarter": "2025-07 (Q3)",
      "signal": "OPERATING LEVERAGE",
      "detail": "Rev growth +12.3% vs OpEx growth +4.1% (leverage: 3.0x)",
      "severity": "MEDIUM"
    },
    {
      "quarter": "2024-07 (Q3)",
      "signal": "FCF TURNED POSITIVE",
      "detail": "FCF margin: -11.7% -> +12.5%",
      "severity": "HIGH"
    },
    {
      "quarter": "2024-07 (Q3)",
      "signal": "OPERATING LEVERAGE",
      "detail": "Rev growth +13.3% vs OpEx growth +0.0% (leverage: 757.6x)",
      "severity": "MEDIUM"
    }
  ],
  "data_quality": {
    "n_quarters": 9,
    "coverage": {
      "revenue": [
        9,
        9
      ],
      "gross_profit": [
        9,
        9
      ],
      "op_income": [
        9,
        9
      ],
      "fcf": [
        8,
        9
      ]
    },
    "gaps": [],
    "warnings": []
  },
  "market_cap": null,
  "source": "SEC EDGAR",
  "last_updated": "2026-02-02T20:43:34.242150"
}