{
  "ticker": "TTEK",
  "name": "TETRA TECH,\u00a0INC.",
  "quarters": [
    {
      "date": "2021-03-28T00:00:00",
      "quarter_label": "2021-03 (Q1)",
      "revenue": 754764000,
      "gross_profit": 112484000,
      "operating_income": 60807000,
      "net_income": null,
      "opex": 51677000,
      "cogs": null,
      "rd": null,
      "sga": null,
      "fcf": 121742000,
      "ocf": 124244000,
      "capex": -2502000,
      "gross_margin": 0.14903201530544646,
      "op_margin": 0.08056425584686074,
      "fcf_margin": 0.1612981011282997
    },
    {
      "date": "2021-06-27T00:00:00",
      "quarter_label": "2021-06 (Q2)",
      "revenue": 801633000,
      "gross_profit": 125696000,
      "operating_income": 69807000,
      "net_income": null,
      "opex": 55889000,
      "cogs": null,
      "rd": null,
      "sga": null,
      "fcf": 67177000,
      "ocf": 69114000,
      "capex": -1937000,
      "gross_margin": 0.15679993213852225,
      "op_margin": 0.08708099591708425,
      "fcf_margin": 0.08380019285633201,
      "op_leverage_ratio": 0.7618745057133083,
      "fcf_margin_change": -0.07749790827196769
    },
    {
      "date": "2021-10-03T00:00:00",
      "quarter_label": "2021-10 (Q4)",
      "revenue": 892012000,
      "gross_profit": 143910000,
      "operating_income": 81836000,
      "net_income": null,
      "opex": 62074000,
      "cogs": null,
      "rd": null,
      "sga": null,
      "fcf": 75495000,
      "ocf": 77834000,
      "capex": -2339000,
      "gross_margin": 0.16133191033304484,
      "op_margin": 0.09174316040591382,
      "fcf_margin": 0.08463451164334113,
      "op_leverage_ratio": 1.0187757052154154,
      "fcf_margin_change": 0.0008343187870091112
    },
    {
      "date": "2022-01-02T00:00:00",
      "quarter_label": "2022-01 (Q1)",
      "revenue": 858510000,
      "gross_profit": 139766000,
      "operating_income": 87220000,
      "net_income": null,
      "opex": 52546000,
      "cogs": null,
      "rd": null,
      "sga": null,
      "fcf": 80901000,
      "ocf": 82419000,
      "capex": -1518000,
      "gross_margin": 0.16280066627063167,
      "op_margin": 0.10159462324259473,
      "fcf_margin": 0.09423419645665164,
      "fcf_margin_change": 0.009599684813310513
    },
    {
      "date": "2022-04-03T00:00:00",
      "quarter_label": "2022-04 (Q2)",
      "revenue": 852744000,
      "gross_profit": 135173000,
      "operating_income": 74520000,
      "net_income": null,
      "opex": 60653000,
      "cogs": null,
      "rd": null,
      "sga": null,
      "fcf": 91028000,
      "ocf": 95130000,
      "capex": -4102000,
      "gross_margin": 0.1585153340275628,
      "op_margin": 0.08738847766738904,
      "fcf_margin": 0.10674715975720732,
      "incr_op_margin_yoy": 0.13995713410900185,
      "rev_growth_yoy": 0.12981541249980127,
      "fcf_margin_change": 0.01251296330055568
    },
    {
      "date": "2022-07-03T00:00:00",
      "quarter_label": "2022-07 (Q3)",
      "revenue": 890231000,
      "gross_profit": 144584000,
      "operating_income": 83905000,
      "net_income": null,
      "opex": 60679000,
      "cogs": null,
      "rd": null,
      "sga": null,
      "fcf": 95646000,
      "ocf": 98427000,
      "capex": -2781000,
      "gross_margin": 0.1624117785159133,
      "op_margin": 0.09425081804610264,
      "fcf_margin": 0.10743952974003376,
      "incr_op_margin_yoy": 0.15912323077270368,
      "rev_growth_yoy": 0.11052189717738665,
      "rev_growth_yoy_accel": -0.01929351532241462,
      "op_leverage_ratio": Infinity,
      "fcf_margin_change": 0.0006923699828264435
    },
    {
      "date": "2022-10-02T00:00:00",
      "quarter_label": "2022-10 (Q4)",
      "revenue": 902562000,
      "gross_profit": 156035000,
      "operating_income": 94802000,
      "net_income": null,
      "opex": 61233000,
      "cogs": null,
      "rd": null,
      "sga": null,
      "fcf": 58031000,
      "ocf": 60212000,
      "capex": -2181000,
      "gross_margin": 0.17288009023202838,
      "op_margin": 0.10503655150560294,
      "fcf_margin": 0.06429586000740116,
      "incr_op_margin_yoy": 1.229004739336493,
      "rev_growth_yoy": 0.011827195149841034,
      "rev_growth_yoy_accel": -0.09869470202754563,
      "op_leverage_ratio": 1.5171350244643231,
      "fcf_margin_change": -0.0431436697326326
    },
    {
      "date": "2023-01-01T00:00:00",
      "quarter_label": "2023-01 (Q1)",
      "revenue": 894766000,
      "gross_profit": 153246000,
      "operating_income": 92050000,
      "net_income": null,
      "opex": 61196000,
      "cogs": null,
      "rd": null,
      "sga": null,
      "fcf": 20195000,
      "ocf": 25191000,
      "capex": -4996000,
      "gross_margin": 0.1712693598102744,
      "op_margin": 0.10287605921548204,
      "fcf_margin": 0.0225701468316856,
      "incr_op_margin_yoy": 0.13321932921447485,
      "rev_growth_yoy": 0.042231307730835985,
      "rev_growth_yoy_accel": 0.03040411258099495,
      "fcf_margin_change": -0.04172571317571556
    },
    {
      "date": "2023-04-02T00:00:00",
      "quarter_label": "2023-04 (Q2)",
      "revenue": 1158226000,
      "gross_profit": 170846000,
      "operating_income": 61011000,
      "net_income": null,
      "opex": 109835000,
      "cogs": null,
      "rd": null,
      "sga": null,
      "fcf": 82634000,
      "ocf": 87932000,
      "capex": -5298000,
      "gross_margin": 0.14750661787941213,
      "op_margin": 0.05267624798614433,
      "fcf_margin": 0.0713453160264059,
      "incr_op_margin_yoy": -0.04422191814902351,
      "rev_growth_yoy": 0.3582341241920201,
      "rev_growth_yoy_accel": 0.3160028164611841,
      "op_leverage_ratio": 0.37046195387865705,
      "fcf_margin_change": 0.048775169194720296
    },
    {
      "date": "2023-07-02T00:00:00",
      "quarter_label": "2023-07 (Q3)",
      "revenue": 1208947000,
      "gross_profit": 188846000,
      "operating_income": 97675000,
      "net_income": null,
      "opex": 91171000,
      "cogs": null,
      "rd": null,
      "sga": null,
      "fcf": 125902000,
      "ocf": 132930000,
      "capex": -7028000,
      "gross_margin": 0.15620701321067013,
      "op_margin": 0.08079345082952355,
      "fcf_margin": 0.1041418689156762,
      "incr_op_margin_yoy": 0.043204608491572434,
      "rev_growth_yoy": 0.35801494218916213,
      "rev_growth_yoy_accel": -0.00021918200285797607,
      "op_leverage_ratio": Infinity,
      "fcf_margin_change": 0.0327965528892703
    },
    {
      "date": "2023-10-01T00:00:00",
      "quarter_label": "2023-10 (Q4)",
      "revenue": 1260611000,
      "gross_profit": 212092000,
      "operating_income": 107377000,
      "net_income": null,
      "opex": 104715000,
      "cogs": null,
      "rd": null,
      "sga": null,
      "fcf": 112831000,
      "ocf": 122410000,
      "capex": -9579000,
      "gross_margin": 0.16824539846153969,
      "op_margin": 0.08517853643986924,
      "fcf_margin": 0.0895050098721969,
      "incr_op_margin_yoy": 0.03512089127465794,
      "rev_growth_yoy": 0.396702941182988,
      "rev_growth_yoy_accel": 0.038687998993825856,
      "op_leverage_ratio": 0.28766732773623427,
      "fcf_margin_change": -0.014636859043479306
    },
    {
      "date": "2023-12-31T00:00:00",
      "quarter_label": "2023-12 (Q4)",
      "revenue": 1228267000,
      "gross_profit": 190498000,
      "operating_income": 111081000,
      "net_income": null,
      "opex": 79417000,
      "cogs": null,
      "rd": null,
      "sga": null,
      "fcf": 5812000,
      "ocf": 9246000,
      "capex": -3434000,
      "gross_margin": 0.15509494271196736,
      "op_margin": 0.0904371769330284,
      "fcf_margin": 0.004731870187833753,
      "incr_op_margin_yoy": 0.057064296658780635,
      "rev_growth_yoy": 0.3727242653386472,
      "rev_growth_yoy_accel": -0.02397867584434077,
      "fcf_margin_change": -0.08477313968436315
    },
    {
      "date": "2024-03-31T00:00:00",
      "quarter_label": "2024-03 (Q1)",
      "revenue": 1251616000,
      "gross_profit": 207495000,
      "operating_income": 117683000,
      "net_income": 76446000,
      "opex": 89812000,
      "cogs": null,
      "rd": null,
      "sga": null,
      "fcf": 98906000,
      "ocf": 102935000,
      "capex": -4029000,
      "gross_margin": 0.165781677447396,
      "op_margin": 0.09402484468079667,
      "fcf_margin": 0.07902263953161354,
      "incr_op_margin_yoy": 0.606831566548881,
      "rev_growth_yoy": 0.0806319319372903,
      "rev_growth_yoy_accel": -0.29209233340135693,
      "op_leverage_ratio": 0.14523272469191395,
      "fcf_margin_change": 0.07429076934377979
    },
    {
      "date": "2024-06-30T00:00:00",
      "quarter_label": "2024-06 (Q2)",
      "revenue": 1344323000,
      "gross_profit": 223172000,
      "operating_income": 128630000,
      "net_income": 85810000,
      "opex": 94542000,
      "cogs": null,
      "rd": null,
      "sga": null,
      "fcf": 137068000,
      "ocf": 140929000,
      "capex": -3861000,
      "gross_margin": 0.1660106983217575,
      "op_margin": 0.09568384978907599,
      "fcf_margin": 0.10196061512002695,
      "incr_op_margin_yoy": 0.22865943741874484,
      "rev_growth_yoy": 0.1119784407422327,
      "rev_growth_yoy_accel": 0.0313465088049424,
      "op_leverage_ratio": 1.4064187516475952,
      "fcf_margin_change": 0.022937975588413415
    },
    {
      "date": "2024-09-29T00:00:00",
      "quarter_label": "2024-09 (Q3)",
      "revenue": 1374473000,
      "gross_profit": 245275000,
      "operating_income": 143343000,
      "net_income": null,
      "opex": 101932000,
      "cogs": null,
      "rd": null,
      "sga": null,
      "fcf": 98787000,
      "ocf": 105598000,
      "capex": -6811000,
      "gross_margin": 0.17845021328174507,
      "op_margin": 0.10428942583812123,
      "fcf_margin": 0.07187263773097034,
      "incr_op_margin_yoy": 0.31587360137710563,
      "rev_growth_yoy": 0.09032286724453459,
      "rev_growth_yoy_accel": -0.021655573497698116,
      "op_leverage_ratio": 0.2869221222273812,
      "fcf_margin_change": -0.030087977389056608
    },
    {
      "date": "2024-12-29T00:00:00",
      "quarter_label": "2024-12 (Q4)",
      "revenue": 1420561000,
      "gross_profit": 221477000,
      "operating_income": 22526000,
      "net_income": null,
      "opex": 198951000,
      "cogs": 223231000,
      "rd": null,
      "sga": null,
      "fcf": 9630000,
      "ocf": 13063000,
      "capex": -3433000,
      "gross_margin": 0.1559081236215833,
      "op_margin": 0.015857115604328148,
      "fcf_margin": 0.00677901195372814,
      "incr_op_margin_yoy": -0.46051878893777237,
      "rev_growth_yoy": 0.156557165502289,
      "rev_growth_yoy_accel": 0.0662342982577544,
      "op_leverage_ratio": 0.035229412503754276,
      "fcf_margin_change": -0.0650936257772422
    },
    {
      "date": "2025-03-30T00:00:00",
      "quarter_label": "2025-03 (Q1)",
      "revenue": 1322113000,
      "gross_profit": 214182000,
      "operating_income": 39603000,
      "net_income": 5388000,
      "opex": 174579000,
      "cogs": null,
      "rd": null,
      "sga": null,
      "fcf": -11762000,
      "ocf": -5823000,
      "capex": -5939000,
      "gross_margin": 0.16199976855230983,
      "op_margin": 0.029954323117615513,
      "fcf_margin": -0.008896365136716756,
      "incr_op_margin_yoy": -1.1075648609160673,
      "rev_growth_yoy": 0.05632478332012374,
      "rev_growth_yoy_accel": -0.10023238218216524,
      "fcf_margin_change": -0.015675377090444895
    },
    {
      "date": "2025-06-29T00:00:00",
      "quarter_label": "2025-06 (Q2)",
      "revenue": 1369816000,
      "gross_profit": 251539000,
      "operating_income": 164986000,
      "net_income": 113844000,
      "opex": 86553000,
      "cogs": null,
      "rd": null,
      "sga": null,
      "fcf": 345574000,
      "ocf": 349598000,
      "capex": -4024000,
      "gross_margin": 0.18362977217378101,
      "op_margin": 0.12044391363511596,
      "fcf_margin": 0.2522776781699148,
      "incr_op_margin_yoy": 1.4261169732867847,
      "rev_growth_yoy": 0.018963448516465167,
      "rev_growth_yoy_accel": -0.03736133480365858,
      "op_leverage_ratio": Infinity,
      "fcf_margin_change": 0.2611740433066316
    },
    {
      "date": "2025-09-28T00:00:00",
      "quarter_label": "2025-09 (Q3)",
      "revenue": 1330100000,
      "gross_profit": 274147000,
      "operating_income": 181304000,
      "net_income": null,
      "opex": 92843000,
      "cogs": null,
      "rd": null,
      "sga": null,
      "fcf": 95610000,
      "ocf": 100847000,
      "capex": -5237000,
      "gross_margin": 0.20611006691226225,
      "op_margin": 0.13630854822945643,
      "fcf_margin": 0.0718818133974889,
      "incr_op_margin_yoy": -0.855497712572961,
      "rev_growth_yoy": -0.03228364616838599,
      "rev_growth_yoy_accel": -0.051247094684851155,
      "fcf_margin_change": -0.18039586477242592
    },
    {
      "date": "2025-12-28T00:00:00",
      "quarter_label": "2025-12 (Q4)",
      "revenue": 1210663000,
      "gross_profit": 220371000,
      "operating_income": 140994000,
      "net_income": null,
      "opex": 79377000,
      "cogs": 173487000,
      "rd": null,
      "sga": null,
      "fcf": 68115000,
      "ocf": 72267000,
      "capex": -4152000,
      "gross_margin": 0.18202505569262462,
      "op_margin": 0.11646015447734011,
      "fcf_margin": 0.05626256026656468,
      "incr_op_margin_yoy": -0.5644074741064707,
      "rev_growth_yoy": -0.14775711849051185,
      "rev_growth_yoy_accel": -0.11547347232212585,
      "fcf_margin_change": -0.015619253130924222
    }
  ],
  "signals": [
    {
      "quarter": "2025-12 (Q4)",
      "signal": "YoY REVENUE GROWTH DECELERATION",
      "detail": "YoY growth: -14.8% vs prior quarter YoY: -3.2% (decel: -11.5%)",
      "severity": "WARNING"
    },
    {
      "quarter": "2025-09 (Q3)",
      "signal": "YoY REVENUE GROWTH DECELERATION",
      "detail": "YoY growth: -3.2% vs prior quarter YoY: +1.9% (decel: -5.1%)",
      "severity": "WARNING"
    },
    {
      "quarter": "2025-06 (Q2)",
      "signal": "FCF TURNED POSITIVE",
      "detail": "FCF margin: -0.9% -> +25.2%",
      "severity": "HIGH"
    },
    {
      "quarter": "2025-06 (Q2)",
      "signal": "INCREMENTAL MARGIN (YoY)",
      "detail": "YoY Incr OPM: +142.6% vs year-ago OPM: +9.6%",
      "severity": "HIGH"
    },
    {
      "quarter": "2025-03 (Q1)",
      "signal": "YoY REVENUE GROWTH DECELERATION",
      "detail": "YoY growth: +5.6% vs prior quarter YoY: +15.7% (decel: -10.0%)",
      "severity": "WARNING"
    },
    {
      "quarter": "2024-12 (Q4)",
      "signal": "YoY REVENUE GROWTH ACCELERATION",
      "detail": "YoY growth: +15.7% vs prior quarter YoY: +9.0% (accel: +6.6%)",
      "severity": "MEDIUM"
    },
    {
      "quarter": "2024-09 (Q3)",
      "signal": "INCREMENTAL MARGIN (YoY)",
      "detail": "YoY Incr OPM: +31.6% vs year-ago OPM: +8.5%",
      "severity": "HIGH"
    },
    {
      "quarter": "2024-06 (Q2)",
      "signal": "INCREMENTAL MARGIN (YoY)",
      "detail": "YoY Incr OPM: +22.9% vs year-ago OPM: +8.1%",
      "severity": "MEDIUM"
    },
    {
      "quarter": "2024-03 (Q1)",
      "signal": "FCF MARGIN EXPANSION",
      "detail": "FCF margin: +0.5% -> +7.9% (+7.4%)",
      "severity": "MEDIUM"
    },
    {
      "quarter": "2024-03 (Q1)",
      "signal": "YoY REVENUE GROWTH DECELERATION",
      "detail": "YoY growth: +8.1% vs prior quarter YoY: +37.3% (decel: -29.2%)",
      "severity": "WARNING"
    },
    {
      "quarter": "2024-03 (Q1)",
      "signal": "INCREMENTAL MARGIN (YoY)",
      "detail": "YoY Incr OPM: +60.7% vs year-ago OPM: +5.3%",
      "severity": "HIGH"
    },
    {
      "quarter": "2023-04 (Q2)",
      "signal": "YoY REVENUE GROWTH ACCELERATION",
      "detail": "YoY growth: +35.8% vs prior quarter YoY: +4.2% (accel: +31.6%)",
      "severity": "HIGH"
    },
    {
      "quarter": "2022-10 (Q4)",
      "signal": "OPERATING LEVERAGE",
      "detail": "Rev growth +1.4% vs OpEx growth +0.9% (leverage: 1.5x)",
      "severity": "MEDIUM"
    },
    {
      "quarter": "2022-10 (Q4)",
      "signal": "YoY REVENUE GROWTH DECELERATION",
      "detail": "YoY growth: +1.2% vs prior quarter YoY: +11.1% (decel: -9.9%)",
      "severity": "WARNING"
    },
    {
      "quarter": "2022-10 (Q4)",
      "signal": "INCREMENTAL MARGIN (YoY)",
      "detail": "YoY Incr OPM: +122.9% vs year-ago OPM: +9.2%",
      "severity": "HIGH"
    },
    {
      "quarter": "2022-07 (Q3)",
      "signal": "OPERATING LEVERAGE",
      "detail": "Rev growth +4.4% vs OpEx growth +0.0% (leverage: 102.6x)",
      "severity": "MEDIUM"
    }
  ],
  "data_quality": {
    "n_quarters": 20,
    "coverage": {
      "revenue": [
        20,
        20
      ],
      "gross_profit": [
        20,
        20
      ],
      "op_income": [
        20,
        20
      ],
      "fcf": [
        20,
        20
      ]
    },
    "gaps": [],
    "warnings": []
  },
  "market_cap": null,
  "source": "SEC EDGAR",
  "last_updated": "2026-02-03T16:23:17.043106"
}