{
  "ticker": "TTI",
  "name": "TETRA Technologies, Inc.",
  "quarters": [
    {
      "date": "2020-12-31T00:00:00",
      "quarter_label": "2020-12 (Q4)",
      "revenue": -190269000,
      "gross_profit": -12165000,
      "operating_income": null,
      "net_income": -15035000,
      "opex": 62978000,
      "cogs": null,
      "rd": null,
      "sga": null,
      "fcf": 4710000,
      "ocf": 12085000,
      "capex": -7375000,
      "gross_margin": 0.06393579616227552,
      "op_margin": null,
      "fcf_margin": -0.024754426627564132
    },
    {
      "date": "2021-03-31T00:00:00",
      "quarter_label": "2021-03 (Q1)",
      "revenue": 77324000,
      "gross_profit": 7869000,
      "operating_income": null,
      "net_income": 108714000,
      "opex": 69455000,
      "cogs": 69455000,
      "rd": null,
      "sga": null,
      "fcf": -936000,
      "ocf": 5825000,
      "capex": -6761000,
      "gross_margin": 0.10176659251978687,
      "op_margin": null,
      "fcf_margin": -0.0121049092131809,
      "fcf_margin_change": 0.012649517414383232
    },
    {
      "date": "2021-06-30T00:00:00",
      "quarter_label": "2021-06 (Q2)",
      "revenue": 102326000,
      "gross_profit": 16433000,
      "operating_income": null,
      "net_income": -6753000,
      "opex": 85893000,
      "cogs": null,
      "rd": null,
      "sga": null,
      "fcf": -3946000,
      "ocf": 1782000,
      "capex": -5728000,
      "gross_margin": 0.1605945702949397,
      "op_margin": null,
      "fcf_margin": -0.03856302406035612,
      "op_leverage_ratio": 1.3662021933215895,
      "fcf_margin_change": -0.026458114847175217
    },
    {
      "date": "2021-09-30T00:00:00",
      "quarter_label": "2021-09 (Q3)",
      "revenue": 95474000,
      "gross_profit": 15747000,
      "operating_income": null,
      "net_income": 2513000,
      "opex": 79727000,
      "cogs": null,
      "rd": null,
      "sga": null,
      "fcf": 686000,
      "ocf": 2817000,
      "capex": -2131000,
      "gross_margin": 0.16493495611370634,
      "op_margin": null,
      "fcf_margin": 0.0071852022540168006,
      "fcf_margin_change": 0.04574822631437292
    },
    {
      "date": "2021-12-31T00:00:00",
      "quarter_label": "2021-12 (Q4)",
      "revenue": 113148000,
      "gross_profit": 19188000,
      "operating_income": null,
      "net_income": -1141000,
      "opex": 93960000,
      "cogs": null,
      "rd": null,
      "sga": null,
      "fcf": -11680000,
      "ocf": -5767000,
      "capex": -5913000,
      "gross_margin": 0.16958320076360164,
      "op_margin": null,
      "fcf_margin": -0.10322763106727471,
      "op_leverage_ratio": 1.0369521243340374,
      "fcf_margin_change": -0.11041283332129151
    },
    {
      "date": "2022-03-31T00:00:00",
      "quarter_label": "2022-03 (Q1)",
      "revenue": 130037000,
      "gross_profit": 32420000,
      "operating_income": null,
      "net_income": 7720000,
      "opex": 97617000,
      "cogs": null,
      "rd": null,
      "sga": null,
      "fcf": -3371000,
      "ocf": 5934000,
      "capex": -9305000,
      "gross_margin": 0.24931365688227197,
      "op_margin": null,
      "fcf_margin": -0.02592339103485931,
      "rev_growth_yoy": 0.6817158967461591,
      "op_leverage_ratio": 3.8350859508623274,
      "fcf_margin_change": 0.0773042400324154
    },
    {
      "date": "2022-06-30T00:00:00",
      "quarter_label": "2022-06 (Q2)",
      "revenue": 140716000,
      "gross_profit": 28107000,
      "operating_income": null,
      "net_income": 1745000,
      "opex": 112609000,
      "cogs": null,
      "rd": null,
      "sga": null,
      "fcf": 6762000,
      "ocf": 17869000,
      "capex": -11107000,
      "gross_margin": 0.19974274425083147,
      "op_margin": null,
      "fcf_margin": 0.04805423690269763,
      "rev_growth_yoy": 0.37517346519946054,
      "rev_growth_yoy_accel": -0.3065424315466985,
      "op_leverage_ratio": 0.5347238165791234,
      "fcf_margin_change": 0.07397762793755694
    },
    {
      "date": "2022-09-30T00:00:00",
      "quarter_label": "2022-09 (Q3)",
      "revenue": 135012000,
      "gross_profit": 29473000,
      "operating_income": null,
      "net_income": 278000,
      "opex": 105539000,
      "cogs": null,
      "rd": null,
      "sga": null,
      "fcf": -10121000,
      "ocf": 2145000,
      "capex": -12266000,
      "gross_margin": 0.21829911415281605,
      "op_margin": null,
      "fcf_margin": -0.07496370692975439,
      "rev_growth_yoy": 0.4141232167920062,
      "rev_growth_yoy_accel": 0.038949751592545656,
      "fcf_margin_change": -0.12301794383245201
    },
    {
      "date": "2022-12-31T00:00:00",
      "quarter_label": "2022-12 (Q4)",
      "revenue": 147448000,
      "gross_profit": 31111000,
      "operating_income": null,
      "net_income": -1904000,
      "opex": 116337000,
      "cogs": null,
      "rd": null,
      "sga": null,
      "fcf": -14369000,
      "ocf": -6991000,
      "capex": -7378000,
      "gross_margin": 0.2109964190765558,
      "op_margin": null,
      "fcf_margin": -0.0974513048668005,
      "rev_growth_yoy": 0.3031427864390002,
      "rev_growth_yoy_accel": -0.11098043035300598,
      "op_leverage_ratio": 0.900280812779735,
      "fcf_margin_change": -0.022487597937046105
    },
    {
      "date": "2023-03-31T00:00:00",
      "quarter_label": "2023-03 (Q1)",
      "revenue": 146209000,
      "gross_profit": 36323000,
      "operating_income": null,
      "net_income": 6040000,
      "opex": 109886000,
      "cogs": null,
      "rd": null,
      "sga": null,
      "fcf": -3799000,
      "ocf": 8985000,
      "capex": -12784000,
      "gross_margin": 0.24843203906736247,
      "op_margin": null,
      "fcf_margin": -0.025983352597993285,
      "rev_growth_yoy": 0.12436460392042265,
      "rev_growth_yoy_accel": -0.17877818251857758,
      "fcf_margin_change": 0.07146795226880721
    },
    {
      "date": "2023-06-30T00:00:00",
      "quarter_label": "2023-06 (Q2)",
      "revenue": 175463000,
      "gross_profit": 49155000,
      "operating_income": null,
      "net_income": 18215000,
      "opex": 126308000,
      "cogs": null,
      "rd": null,
      "sga": null,
      "fcf": 17882000,
      "ocf": 28372000,
      "capex": -10490000,
      "gross_margin": 0.28014453189561334,
      "op_margin": null,
      "fcf_margin": 0.10191322387055961,
      "rev_growth_yoy": 0.24692998663975668,
      "rev_growth_yoy_accel": 0.12256538271933404,
      "op_leverage_ratio": 1.3388362641044562,
      "fcf_margin_change": 0.1278965764685529
    },
    {
      "date": "2023-09-30T00:00:00",
      "quarter_label": "2023-09 (Q3)",
      "revenue": 151464000,
      "gross_profit": 37924000,
      "operating_income": null,
      "net_income": 5420000,
      "opex": 113540000,
      "cogs": null,
      "rd": null,
      "sga": null,
      "fcf": 7008000,
      "ocf": 13974000,
      "capex": -6966000,
      "gross_margin": 0.2503829292769239,
      "op_margin": null,
      "fcf_margin": 0.04626842021866582,
      "rev_growth_yoy": 0.12185583503688562,
      "rev_growth_yoy_accel": -0.12507415160287105,
      "fcf_margin_change": -0.05564480365189379
    },
    {
      "date": "2023-12-31T00:00:00",
      "quarter_label": "2023-12 (Q4)",
      "revenue": 153126000,
      "gross_profit": 30243000,
      "operating_income": null,
      "net_income": -3891000,
      "opex": 122883000,
      "cogs": null,
      "rd": null,
      "sga": null,
      "fcf": 10963000,
      "ocf": 18875000,
      "capex": -7912000,
      "gross_margin": 0.1975040163003017,
      "op_margin": null,
      "fcf_margin": 0.07159463448401969,
      "rev_growth_yoy": 0.03850849112907601,
      "rev_growth_yoy_accel": -0.0833473439078096,
      "op_leverage_ratio": 0.1333472729895914,
      "fcf_margin_change": 0.02532621426535387
    },
    {
      "date": "2024-03-31T00:00:00",
      "quarter_label": "2024-03 (Q1)",
      "revenue": 150972000,
      "gross_profit": 31102000,
      "operating_income": null,
      "net_income": 915000,
      "opex": 119870000,
      "cogs": 111114000,
      "rd": null,
      "sga": null,
      "fcf": -29643000,
      "ocf": -13816000,
      "capex": -15827000,
      "gross_margin": 0.20601171078080704,
      "op_margin": null,
      "fcf_margin": -0.19634766711708132,
      "rev_growth_yoy": 0.03257665396794999,
      "rev_growth_yoy_accel": -0.0059318371611260245,
      "fcf_margin_change": -0.267942301601101
    },
    {
      "date": "2024-06-30T00:00:00",
      "quarter_label": "2024-06 (Q2)",
      "revenue": 171935000,
      "gross_profit": 43253000,
      "operating_income": null,
      "net_income": 7643000,
      "opex": 128682000,
      "cogs": 119908000,
      "rd": null,
      "sga": null,
      "fcf": 9439000,
      "ocf": 24831000,
      "capex": -15392000,
      "gross_margin": 0.2515659987786082,
      "op_margin": null,
      "fcf_margin": 0.054898653560938725,
      "rev_growth_yoy": -0.020106803143682715,
      "rev_growth_yoy_accel": -0.052683457111632706,
      "op_leverage_ratio": 1.8888307429530118,
      "fcf_margin_change": 0.25124632067802005
    },
    {
      "date": "2024-09-30T00:00:00",
      "quarter_label": "2024-09 (Q3)",
      "revenue": 141700000,
      "gross_profit": 34363000,
      "operating_income": 11957000,
      "net_income": -2998000,
      "opex": 107337000,
      "cogs": 98391000,
      "rd": null,
      "sga": null,
      "fcf": 5297000,
      "ocf": 19870000,
      "capex": -14573000,
      "gross_margin": 0.24250529287226535,
      "op_margin": 0.08438249823570924,
      "fcf_margin": 0.0373817925194072,
      "rev_growth_yoy": -0.06446416310146305,
      "rev_growth_yoy_accel": -0.04435735995778034,
      "fcf_margin_change": -0.017516861041531523
    },
    {
      "date": "2024-12-31T00:00:00",
      "quarter_label": "2024-12 (Q4)",
      "revenue": 134504000,
      "gross_profit": 31135000,
      "operating_income": null,
      "net_income": 102724000,
      "opex": 103369000,
      "cogs": 94015000,
      "rd": null,
      "sga": null,
      "fcf": -9253000,
      "ocf": 5635000,
      "capex": -14888000,
      "gross_margin": 0.2314801046809017,
      "op_margin": null,
      "fcf_margin": -0.06879349313031582,
      "rev_growth_yoy": -0.12161226702192965,
      "rev_growth_yoy_accel": -0.0571481039204666,
      "fcf_margin_change": -0.10617528564972303
    },
    {
      "date": "2025-03-31T00:00:00",
      "quarter_label": "2025-03 (Q1)",
      "revenue": 157140000,
      "gross_profit": 42906000,
      "operating_income": null,
      "net_income": 4049000,
      "opex": 114234000,
      "cogs": 104565000,
      "rd": null,
      "sga": null,
      "fcf": -14021000,
      "ocf": 3935000,
      "capex": -17956000,
      "gross_margin": 0.27304314623902254,
      "op_margin": null,
      "fcf_margin": -0.08922616774850452,
      "rev_growth_yoy": 0.040855257928622525,
      "rev_growth_yoy_accel": 0.16246752495055217,
      "op_leverage_ratio": 1.6011243764788872,
      "fcf_margin_change": -0.020432674618188693
    },
    {
      "date": "2025-06-30T00:00:00",
      "quarter_label": "2025-06 (Q2)",
      "revenue": 173872000,
      "gross_profit": 48244000,
      "operating_income": null,
      "net_income": 11305000,
      "opex": 125628000,
      "cogs": 116346000,
      "rd": null,
      "sga": null,
      "fcf": 28846000,
      "ocf": 48333000,
      "capex": -19487000,
      "gross_margin": 0.2774684825618846,
      "op_margin": null,
      "fcf_margin": 0.16590365326216988,
      "rev_growth_yoy": 0.01126588536365487,
      "rev_growth_yoy_accel": -0.029589372564967655,
      "op_leverage_ratio": 1.0675304613944774,
      "fcf_margin_change": 0.2551298210106744
    },
    {
      "date": "2025-09-30T00:00:00",
      "quarter_label": "2025-09 (Q3)",
      "revenue": 153239000,
      "gross_profit": 36370000,
      "operating_income": 11130000,
      "net_income": 4151000,
      "opex": 116869000,
      "cogs": 107378000,
      "rd": null,
      "sga": null,
      "fcf": 627000,
      "ocf": 16366000,
      "capex": -15739000,
      "gross_margin": 0.23734166889629923,
      "op_margin": 0.07263164077029999,
      "fcf_margin": 0.00409164768759911,
      "incr_op_margin_yoy": -0.07166998873385909,
      "rev_growth_yoy": 0.08143260409315455,
      "rev_growth_yoy_accel": 0.07016671872949967,
      "fcf_margin_change": -0.16181200557457076
    }
  ],
  "signals": [
    {
      "quarter": "2025-09 (Q3)",
      "signal": "YoY REVENUE GROWTH ACCELERATION",
      "detail": "YoY growth: +8.1% vs prior quarter YoY: +1.1% (accel: +7.0%)",
      "severity": "MEDIUM"
    },
    {
      "quarter": "2025-06 (Q2)",
      "signal": "FCF TURNED POSITIVE",
      "detail": "FCF margin: -8.9% -> +16.6%",
      "severity": "HIGH"
    },
    {
      "quarter": "2025-03 (Q1)",
      "signal": "OPERATING LEVERAGE",
      "detail": "Rev growth +16.8% vs OpEx growth +10.5% (leverage: 1.6x)",
      "severity": "MEDIUM"
    },
    {
      "quarter": "2025-03 (Q1)",
      "signal": "GROSS MARGIN INFLECTION",
      "detail": "GM: +24.3% -> +23.1% -> +27.3% (reversal +4.2%)",
      "severity": "MEDIUM"
    },
    {
      "quarter": "2025-03 (Q1)",
      "signal": "YoY REVENUE GROWTH ACCELERATION",
      "detail": "YoY growth: +4.1% vs prior quarter YoY: -12.2% (accel: +16.2%)",
      "severity": "HIGH"
    },
    {
      "quarter": "2024-12 (Q4)",
      "signal": "YoY REVENUE GROWTH DECELERATION",
      "detail": "YoY growth: -12.2% vs prior quarter YoY: -6.4% (decel: -5.7%)",
      "severity": "WARNING"
    },
    {
      "quarter": "2024-06 (Q2)",
      "signal": "FCF TURNED POSITIVE",
      "detail": "FCF margin: -19.6% -> +5.5%",
      "severity": "HIGH"
    },
    {
      "quarter": "2024-06 (Q2)",
      "signal": "OPERATING LEVERAGE",
      "detail": "Rev growth +13.9% vs OpEx growth +7.4% (leverage: 1.9x)",
      "severity": "MEDIUM"
    },
    {
      "quarter": "2024-06 (Q2)",
      "signal": "YoY REVENUE GROWTH DECELERATION",
      "detail": "YoY growth: -2.0% vs prior quarter YoY: +3.3% (decel: -5.3%)",
      "severity": "WARNING"
    },
    {
      "quarter": "2023-12 (Q4)",
      "signal": "YoY REVENUE GROWTH DECELERATION",
      "detail": "YoY growth: +3.9% vs prior quarter YoY: +12.2% (decel: -8.3%)",
      "severity": "WARNING"
    },
    {
      "quarter": "2023-09 (Q3)",
      "signal": "YoY REVENUE GROWTH DECELERATION",
      "detail": "YoY growth: +12.2% vs prior quarter YoY: +24.7% (decel: -12.5%)",
      "severity": "WARNING"
    },
    {
      "quarter": "2023-06 (Q2)",
      "signal": "FCF TURNED POSITIVE",
      "detail": "FCF margin: -2.6% -> +10.2%",
      "severity": "HIGH"
    },
    {
      "quarter": "2023-06 (Q2)",
      "signal": "YoY REVENUE GROWTH ACCELERATION",
      "detail": "YoY growth: +24.7% vs prior quarter YoY: +12.4% (accel: +12.3%)",
      "severity": "MEDIUM"
    },
    {
      "quarter": "2023-03 (Q1)",
      "signal": "FCF MARGIN EXPANSION",
      "detail": "FCF margin: -9.7% -> -2.6% (+7.1%)",
      "severity": "MEDIUM"
    },
    {
      "quarter": "2023-03 (Q1)",
      "signal": "GROSS MARGIN INFLECTION",
      "detail": "GM: +21.8% -> +21.1% -> +24.8% (reversal +3.7%)",
      "severity": "MEDIUM"
    },
    {
      "quarter": "2023-03 (Q1)",
      "signal": "YoY REVENUE GROWTH DECELERATION",
      "detail": "YoY growth: +12.4% vs prior quarter YoY: +30.3% (decel: -17.9%)",
      "severity": "WARNING"
    },
    {
      "quarter": "2022-12 (Q4)",
      "signal": "YoY REVENUE GROWTH DECELERATION",
      "detail": "YoY growth: +30.3% vs prior quarter YoY: +41.4% (decel: -11.1%)",
      "severity": "WARNING"
    },
    {
      "quarter": "2022-06 (Q2)",
      "signal": "FCF TURNED POSITIVE",
      "detail": "FCF margin: -2.6% -> +4.8%",
      "severity": "HIGH"
    },
    {
      "quarter": "2022-06 (Q2)",
      "signal": "YoY REVENUE GROWTH DECELERATION",
      "detail": "YoY growth: +37.5% vs prior quarter YoY: +68.2% (decel: -30.7%)",
      "severity": "WARNING"
    },
    {
      "quarter": "2022-03 (Q1)",
      "signal": "FCF MARGIN EXPANSION",
      "detail": "FCF margin: -10.3% -> -2.6% (+7.7%)",
      "severity": "MEDIUM"
    },
    {
      "quarter": "2022-03 (Q1)",
      "signal": "OPERATING LEVERAGE",
      "detail": "Rev growth +14.9% vs OpEx growth +3.9% (leverage: 3.8x)",
      "severity": "MEDIUM"
    },
    {
      "quarter": "2021-09 (Q3)",
      "signal": "FCF TURNED POSITIVE",
      "detail": "FCF margin: -3.9% -> +0.7%",
      "severity": "HIGH"
    }
  ],
  "data_quality": {
    "n_quarters": 20,
    "coverage": {
      "revenue": [
        20,
        20
      ],
      "gross_profit": [
        20,
        20
      ],
      "op_income": [
        2,
        20
      ],
      "fcf": [
        20,
        20
      ]
    },
    "gaps": [],
    "warnings": [
      "op_income: 2/20Q"
    ]
  },
  "market_cap": null,
  "source": "SEC EDGAR",
  "last_updated": "2026-02-02T21:46:09.693129"
}