{
  "ticker": "TVE",
  "name": "TENNESSEE VALLEY AUTHORITY",
  "quarters": [
    {
      "date": "2018-12-31T00:00:00",
      "quarter_label": "2018-12 (Q4)",
      "revenue": 2725000000,
      "gross_profit": null,
      "operating_income": null,
      "net_income": null,
      "opex": null,
      "cogs": null,
      "rd": null,
      "sga": null,
      "fcf": null,
      "ocf": null,
      "capex": null,
      "gross_margin": null,
      "op_margin": null,
      "fcf_margin": null
    },
    {
      "date": "2019-03-31T00:00:00",
      "quarter_label": "2019-03 (Q1)",
      "revenue": 2750000000,
      "gross_profit": null,
      "operating_income": null,
      "net_income": null,
      "opex": null,
      "cogs": null,
      "rd": null,
      "sga": null,
      "fcf": null,
      "ocf": null,
      "capex": null,
      "gross_margin": null,
      "op_margin": null,
      "fcf_margin": null
    },
    {
      "date": "2019-06-30T00:00:00",
      "quarter_label": "2019-06 (Q2)",
      "revenue": 2604000000,
      "gross_profit": null,
      "operating_income": null,
      "net_income": null,
      "opex": null,
      "cogs": null,
      "rd": null,
      "sga": null,
      "fcf": null,
      "ocf": null,
      "capex": null,
      "gross_margin": null,
      "op_margin": null,
      "fcf_margin": null
    },
    {
      "date": "2019-09-30T00:00:00",
      "quarter_label": "2019-09 (Q3)",
      "revenue": 3239000000,
      "gross_profit": null,
      "operating_income": null,
      "net_income": null,
      "opex": null,
      "cogs": null,
      "rd": null,
      "sga": null,
      "fcf": null,
      "ocf": null,
      "capex": null,
      "gross_margin": null,
      "op_margin": null,
      "fcf_margin": null
    },
    {
      "date": "2019-12-31T00:00:00",
      "quarter_label": "2019-12 (Q4)",
      "revenue": 2578000000,
      "gross_profit": null,
      "operating_income": null,
      "net_income": null,
      "opex": null,
      "cogs": null,
      "rd": null,
      "sga": null,
      "fcf": null,
      "ocf": null,
      "capex": null,
      "gross_margin": null,
      "op_margin": null,
      "fcf_margin": null,
      "rev_growth_yoy": -0.053944954128440366
    },
    {
      "date": "2020-03-31T00:00:00",
      "quarter_label": "2020-03 (Q1)",
      "revenue": 2521000000,
      "gross_profit": null,
      "operating_income": null,
      "net_income": null,
      "opex": null,
      "cogs": null,
      "rd": null,
      "sga": null,
      "fcf": null,
      "ocf": null,
      "capex": null,
      "gross_margin": null,
      "op_margin": null,
      "fcf_margin": null,
      "rev_growth_yoy": -0.08327272727272728,
      "rev_growth_yoy_accel": -0.02932777314428691
    },
    {
      "date": "2020-06-30T00:00:00",
      "quarter_label": "2020-06 (Q2)",
      "revenue": 2251000000,
      "gross_profit": null,
      "operating_income": null,
      "net_income": null,
      "opex": null,
      "cogs": null,
      "rd": null,
      "sga": null,
      "fcf": null,
      "ocf": null,
      "capex": null,
      "gross_margin": null,
      "op_margin": null,
      "fcf_margin": null,
      "rev_growth_yoy": -0.13556067588325652,
      "rev_growth_yoy_accel": -0.05228794861052924
    },
    {
      "date": "2020-09-30T00:00:00",
      "quarter_label": "2020-09 (Q3)",
      "revenue": 2899000000,
      "gross_profit": null,
      "operating_income": null,
      "net_income": null,
      "opex": null,
      "cogs": null,
      "rd": null,
      "sga": null,
      "fcf": null,
      "ocf": null,
      "capex": null,
      "gross_margin": null,
      "op_margin": null,
      "fcf_margin": null,
      "rev_growth_yoy": -0.10497066995986415,
      "rev_growth_yoy_accel": 0.030590005923392366
    },
    {
      "date": "2020-12-31T00:00:00",
      "quarter_label": "2020-12 (Q4)",
      "revenue": 2304000000,
      "gross_profit": null,
      "operating_income": 515000000,
      "net_income": 184000000,
      "opex": 1789000000,
      "cogs": null,
      "rd": null,
      "sga": null,
      "fcf": 31000000,
      "ocf": 595000000,
      "capex": -564000000,
      "gross_margin": null,
      "op_margin": 0.22352430555555555,
      "fcf_margin": 0.013454861111111112,
      "rev_growth_yoy": -0.10628394103956555,
      "rev_growth_yoy_accel": -0.001313271079701403
    },
    {
      "date": "2021-03-31T00:00:00",
      "quarter_label": "2021-03 (Q1)",
      "revenue": 2572000000,
      "gross_profit": null,
      "operating_income": 785000000,
      "net_income": 456000000,
      "opex": 1787000000,
      "cogs": null,
      "rd": null,
      "sga": null,
      "fcf": 564000000,
      "ocf": 975000000,
      "capex": -411000000,
      "gross_margin": null,
      "op_margin": 0.3052099533437014,
      "fcf_margin": 0.2192846034214619,
      "rev_growth_yoy": 0.02023006743355811,
      "rev_growth_yoy_accel": 0.12651400847312366,
      "op_leverage_ratio": Infinity,
      "fcf_margin_change": 0.20582974231035078
    },
    {
      "date": "2021-06-30T00:00:00",
      "quarter_label": "2021-06 (Q2)",
      "revenue": 2527000000,
      "gross_profit": null,
      "operating_income": 590000000,
      "net_income": 269000000,
      "opex": 1937000000,
      "cogs": null,
      "rd": null,
      "sga": null,
      "fcf": 156000000,
      "ocf": 657000000,
      "capex": -501000000,
      "gross_margin": null,
      "op_margin": 0.2334784329244163,
      "fcf_margin": 0.061733280569845665,
      "rev_growth_yoy": 0.12261217236783652,
      "rev_growth_yoy_accel": 0.1023821049342784,
      "fcf_margin_change": -0.15755132285161622
    },
    {
      "date": "2021-09-30T00:00:00",
      "quarter_label": "2021-09 (Q3)",
      "revenue": 3100000000,
      "gross_profit": null,
      "operating_income": 955000000,
      "net_income": 603000000,
      "opex": 2145000000,
      "cogs": null,
      "rd": null,
      "sga": null,
      "fcf": 542000000,
      "ocf": 1029000000,
      "capex": -487000000,
      "gross_margin": null,
      "op_margin": 0.30806451612903224,
      "fcf_margin": 0.17483870967741935,
      "rev_growth_yoy": 0.06933425319075544,
      "rev_growth_yoy_accel": -0.05327791917708108,
      "op_leverage_ratio": 2.111619509299565,
      "fcf_margin_change": 0.11310542910757368
    },
    {
      "date": "2021-12-31T00:00:00",
      "quarter_label": "2021-12 (Q4)",
      "revenue": 2583000000,
      "gross_profit": null,
      "operating_income": 325000000,
      "net_income": 11000000,
      "opex": 2258000000,
      "cogs": null,
      "rd": null,
      "sga": null,
      "fcf": -119000000,
      "ocf": 493000000,
      "capex": -612000000,
      "gross_margin": null,
      "op_margin": 0.12582268679829656,
      "fcf_margin": -0.04607046070460705,
      "incr_op_margin_yoy": -0.6810035842293907,
      "rev_growth_yoy": 0.12109375,
      "rev_growth_yoy_accel": 0.05175949680924456,
      "fcf_margin_change": -0.2209091703820264
    },
    {
      "date": "2022-03-31T00:00:00",
      "quarter_label": "2022-03 (Q1)",
      "revenue": 2884000000,
      "gross_profit": null,
      "operating_income": 535000000,
      "net_income": 209000000,
      "opex": 2349000000,
      "cogs": null,
      "rd": null,
      "sga": null,
      "fcf": 438000000,
      "ocf": 966000000,
      "capex": -528000000,
      "gross_margin": null,
      "op_margin": 0.18550624133148405,
      "fcf_margin": 0.15187239944521497,
      "incr_op_margin_yoy": -0.8012820512820513,
      "rev_growth_yoy": 0.12130637636080871,
      "rev_growth_yoy_accel": 0.00021262636080870978,
      "op_leverage_ratio": 2.8915095744364034,
      "fcf_margin_change": 0.19794286014982201
    },
    {
      "date": "2022-06-30T00:00:00",
      "quarter_label": "2022-06 (Q2)",
      "revenue": 2970000000,
      "gross_profit": null,
      "operating_income": 590000000,
      "net_income": 256000000,
      "opex": 2380000000,
      "cogs": null,
      "rd": null,
      "sga": null,
      "fcf": -257000000,
      "ocf": 375000000,
      "capex": -632000000,
      "gross_margin": null,
      "op_margin": 0.19865319865319866,
      "fcf_margin": -0.08653198653198653,
      "incr_op_margin_yoy": 0.0,
      "rev_growth_yoy": 0.17530668777206174,
      "rev_growth_yoy_accel": 0.05400031141125303,
      "op_leverage_ratio": 2.2595633304997538,
      "fcf_margin_change": -0.23840438597720148
    },
    {
      "date": "2022-09-30T00:00:00",
      "quarter_label": "2022-09 (Q3)",
      "revenue": 4103000000,
      "gross_profit": null,
      "operating_income": 961000000,
      "net_income": 632000000,
      "opex": 3142000000,
      "cogs": null,
      "rd": null,
      "sga": null,
      "fcf": 525000000,
      "ocf": 1114000000,
      "capex": -589000000,
      "gross_margin": null,
      "op_margin": 0.2342188642456739,
      "fcf_margin": 0.12795515476480623,
      "incr_op_margin_yoy": 0.005982053838484547,
      "rev_growth_yoy": 0.3235483870967742,
      "rev_growth_yoy_accel": 0.14824169932471246,
      "op_leverage_ratio": 1.191503839797803,
      "fcf_margin_change": 0.21448714129679275
    },
    {
      "date": "2022-12-31T00:00:00",
      "quarter_label": "2022-12 (Q4)",
      "revenue": 3015000000,
      "gross_profit": null,
      "operating_income": 398000000,
      "net_income": 101000000,
      "opex": 2617000000,
      "cogs": null,
      "rd": null,
      "sga": null,
      "fcf": -166000000,
      "ocf": 439000000,
      "capex": -605000000,
      "gross_margin": null,
      "op_margin": 0.1320066334991708,
      "fcf_margin": -0.055058043117744614,
      "incr_op_margin_yoy": 0.16898148148148148,
      "rev_growth_yoy": 0.1672473867595819,
      "rev_growth_yoy_accel": -0.1563010003371923,
      "fcf_margin_change": -0.18301319788255085
    },
    {
      "date": "2023-03-31T00:00:00",
      "quarter_label": "2023-03 (Q1)",
      "revenue": 2959000000,
      "gross_profit": null,
      "operating_income": 346000000,
      "net_income": 48000000,
      "opex": 2613000000,
      "cogs": null,
      "rd": null,
      "sga": null,
      "fcf": 121000000,
      "ocf": 715000000,
      "capex": -594000000,
      "gross_margin": null,
      "op_margin": 0.11693139574180467,
      "fcf_margin": 0.040892193308550186,
      "incr_op_margin_yoy": -2.52,
      "rev_growth_yoy": 0.026005547850208043,
      "rev_growth_yoy_accel": -0.14124183890937386,
      "fcf_margin_change": 0.0959502364262948
    },
    {
      "date": "2023-06-30T00:00:00",
      "quarter_label": "2023-06 (Q2)",
      "revenue": 2698000000,
      "gross_profit": null,
      "operating_income": 237000000,
      "net_income": -58000000,
      "opex": 2461000000,
      "cogs": null,
      "rd": null,
      "sga": null,
      "fcf": -4000000,
      "ocf": 622000000,
      "capex": -626000000,
      "gross_margin": null,
      "op_margin": 0.08784284655300223,
      "fcf_margin": -0.0014825796886582653,
      "incr_op_margin_yoy": 1.2977941176470589,
      "rev_growth_yoy": -0.09158249158249158,
      "rev_growth_yoy_accel": -0.11758803943269963,
      "fcf_margin_change": -0.04237477299720845
    },
    {
      "date": "2023-09-30T00:00:00",
      "quarter_label": "2023-09 (Q3)",
      "revenue": 3382000000,
      "gross_profit": null,
      "operating_income": 713000000,
      "net_income": 409000000,
      "opex": 2669000000,
      "cogs": null,
      "rd": null,
      "sga": null,
      "fcf": 395000000,
      "ocf": 1096000000,
      "capex": -701000000,
      "gross_margin": null,
      "op_margin": 0.2108219988172679,
      "fcf_margin": 0.11679479597871083,
      "incr_op_margin_yoy": 0.34396671289875175,
      "rev_growth_yoy": -0.1757250792103339,
      "rev_growth_yoy_accel": -0.08414258762784231,
      "op_leverage_ratio": 2.999593716143012,
      "fcf_margin_change": 0.1182773756673691
    }
  ],
  "signals": [
    {
      "quarter": "2023-09 (Q3)",
      "signal": "FCF TURNED POSITIVE",
      "detail": "FCF margin: -0.1% -> +11.7%",
      "severity": "HIGH"
    },
    {
      "quarter": "2023-09 (Q3)",
      "signal": "OPERATING LEVERAGE",
      "detail": "Rev growth +25.4% vs OpEx growth +8.5% (leverage: 3.0x)",
      "severity": "MEDIUM"
    },
    {
      "quarter": "2023-09 (Q3)",
      "signal": "YoY REVENUE GROWTH DECELERATION",
      "detail": "YoY growth: -17.6% vs prior quarter YoY: -9.2% (decel: -8.4%)",
      "severity": "WARNING"
    },
    {
      "quarter": "2023-09 (Q3)",
      "signal": "INCREMENTAL MARGIN (YoY)",
      "detail": "YoY Incr OPM: +34.4% vs year-ago OPM: +23.4%",
      "severity": "MEDIUM"
    },
    {
      "quarter": "2023-06 (Q2)",
      "signal": "YoY REVENUE GROWTH DECELERATION",
      "detail": "YoY growth: -9.2% vs prior quarter YoY: +2.6% (decel: -11.8%)",
      "severity": "WARNING"
    },
    {
      "quarter": "2023-06 (Q2)",
      "signal": "INCREMENTAL MARGIN (YoY)",
      "detail": "YoY Incr OPM: +129.8% vs year-ago OPM: +19.9%",
      "severity": "HIGH"
    },
    {
      "quarter": "2023-03 (Q1)",
      "signal": "FCF TURNED POSITIVE",
      "detail": "FCF margin: -5.5% -> +4.1%",
      "severity": "HIGH"
    },
    {
      "quarter": "2023-03 (Q1)",
      "signal": "YoY REVENUE GROWTH DECELERATION",
      "detail": "YoY growth: +2.6% vs prior quarter YoY: +16.7% (decel: -14.1%)",
      "severity": "WARNING"
    },
    {
      "quarter": "2022-12 (Q4)",
      "signal": "YoY REVENUE GROWTH DECELERATION",
      "detail": "YoY growth: +16.7% vs prior quarter YoY: +32.4% (decel: -15.6%)",
      "severity": "WARNING"
    },
    {
      "quarter": "2022-09 (Q3)",
      "signal": "FCF TURNED POSITIVE",
      "detail": "FCF margin: -8.7% -> +12.8%",
      "severity": "HIGH"
    },
    {
      "quarter": "2022-09 (Q3)",
      "signal": "YoY REVENUE GROWTH ACCELERATION",
      "detail": "YoY growth: +32.4% vs prior quarter YoY: +17.5% (accel: +14.8%)",
      "severity": "MEDIUM"
    },
    {
      "quarter": "2022-06 (Q2)",
      "signal": "OPERATING LEVERAGE",
      "detail": "Rev growth +3.0% vs OpEx growth +1.3% (leverage: 2.3x)",
      "severity": "MEDIUM"
    },
    {
      "quarter": "2022-06 (Q2)",
      "signal": "YoY REVENUE GROWTH ACCELERATION",
      "detail": "YoY growth: +17.5% vs prior quarter YoY: +12.1% (accel: +5.4%)",
      "severity": "MEDIUM"
    },
    {
      "quarter": "2022-03 (Q1)",
      "signal": "FCF TURNED POSITIVE",
      "detail": "FCF margin: -4.6% -> +15.2%",
      "severity": "HIGH"
    },
    {
      "quarter": "2022-03 (Q1)",
      "signal": "OPERATING LEVERAGE",
      "detail": "Rev growth +11.7% vs OpEx growth +4.0% (leverage: 2.9x)",
      "severity": "MEDIUM"
    },
    {
      "quarter": "2021-12 (Q4)",
      "signal": "YoY REVENUE GROWTH ACCELERATION",
      "detail": "YoY growth: +12.1% vs prior quarter YoY: +6.9% (accel: +5.2%)",
      "severity": "MEDIUM"
    },
    {
      "quarter": "2021-09 (Q3)",
      "signal": "FCF MARGIN EXPANSION",
      "detail": "FCF margin: +6.2% -> +17.5% (+11.3%)",
      "severity": "MEDIUM"
    },
    {
      "quarter": "2021-09 (Q3)",
      "signal": "OPERATING LEVERAGE",
      "detail": "Rev growth +22.7% vs OpEx growth +10.7% (leverage: 2.1x)",
      "severity": "MEDIUM"
    },
    {
      "quarter": "2021-09 (Q3)",
      "signal": "YoY REVENUE GROWTH DECELERATION",
      "detail": "YoY growth: +6.9% vs prior quarter YoY: +12.3% (decel: -5.3%)",
      "severity": "WARNING"
    },
    {
      "quarter": "2021-06 (Q2)",
      "signal": "YoY REVENUE GROWTH ACCELERATION",
      "detail": "YoY growth: +12.3% vs prior quarter YoY: +2.0% (accel: +10.2%)",
      "severity": "MEDIUM"
    },
    {
      "quarter": "2021-03 (Q1)",
      "signal": "FCF MARGIN EXPANSION",
      "detail": "FCF margin: +1.3% -> +21.9% (+20.6%)",
      "severity": "MEDIUM"
    },
    {
      "quarter": "2021-03 (Q1)",
      "signal": "YoY REVENUE GROWTH ACCELERATION",
      "detail": "YoY growth: +2.0% vs prior quarter YoY: -10.6% (accel: +12.7%)",
      "severity": "MEDIUM"
    },
    {
      "quarter": "2020-06 (Q2)",
      "signal": "YoY REVENUE GROWTH DECELERATION",
      "detail": "YoY growth: -13.6% vs prior quarter YoY: -8.3% (decel: -5.2%)",
      "severity": "WARNING"
    }
  ],
  "data_quality": {
    "n_quarters": 20,
    "coverage": {
      "revenue": [
        20,
        20
      ],
      "gross_profit": [
        0,
        20
      ],
      "op_income": [
        12,
        20
      ],
      "fcf": [
        12,
        20
      ]
    },
    "gaps": [],
    "warnings": [
      "gross_profit: no data",
      "op_income: 12/20Q",
      "fcf: 12/20Q"
    ]
  },
  "market_cap": null,
  "source": "SEC EDGAR",
  "last_updated": "2026-02-03T01:01:29.990140"
}