{
  "ticker": "TW",
  "name": "Tradeweb Markets Inc.",
  "quarters": [
    {
      "date": "2020-12-31T00:00:00",
      "quarter_label": "2020-12 (Q4)",
      "revenue": 233076000,
      "gross_profit": null,
      "operating_income": 71580000,
      "net_income": 55060000,
      "opex": 161496000,
      "cogs": null,
      "rd": null,
      "sga": null,
      "fcf": 134696000,
      "ocf": 139702000,
      "capex": -5006000,
      "gross_margin": null,
      "op_margin": 0.30711012716882047,
      "fcf_margin": 0.5779059190993495
    },
    {
      "date": "2021-03-31T00:00:00",
      "quarter_label": "2021-03 (Q1)",
      "revenue": 273399000,
      "gross_profit": null,
      "operating_income": 98327000,
      "net_income": 67859000,
      "opex": 175072000,
      "cogs": null,
      "rd": null,
      "sga": null,
      "fcf": 51213000,
      "ocf": 55572000,
      "capex": -4359000,
      "gross_margin": null,
      "op_margin": 0.35964652394485713,
      "fcf_margin": 0.1873196317470071,
      "op_leverage_ratio": 2.0579992886101683,
      "fcf_margin_change": -0.3905862873523424
    },
    {
      "date": "2021-06-30T00:00:00",
      "quarter_label": "2021-06 (Q2)",
      "revenue": 260840000,
      "gross_profit": null,
      "operating_income": 83792000,
      "net_income": 55316000,
      "opex": 177048000,
      "cogs": null,
      "rd": null,
      "sga": null,
      "fcf": 144250000,
      "ocf": 148434000,
      "capex": -4184000,
      "gross_margin": null,
      "op_margin": 0.321239073761693,
      "fcf_margin": 0.553021009047692,
      "fcf_margin_change": 0.3657013773006849
    },
    {
      "date": "2021-09-30T00:00:00",
      "quarter_label": "2021-09 (Q3)",
      "revenue": 265325000,
      "gross_profit": null,
      "operating_income": 85528000,
      "net_income": 54763000,
      "opex": 179797000,
      "cogs": null,
      "rd": null,
      "sga": null,
      "fcf": 181193000,
      "ocf": 182364000,
      "capex": -1171000,
      "gross_margin": null,
      "op_margin": 0.3223518326580609,
      "fcf_margin": 0.6829096391218317,
      "op_leverage_ratio": 1.1074000560854154,
      "fcf_margin_change": 0.12988863007413964
    },
    {
      "date": "2021-12-31T00:00:00",
      "quarter_label": "2021-12 (Q4)",
      "revenue": 276883000,
      "gross_profit": null,
      "operating_income": 91181000,
      "net_income": 48890000,
      "opex": 185702000,
      "cogs": null,
      "rd": null,
      "sga": null,
      "fcf": 184487000,
      "ocf": 191651000,
      "capex": -7164000,
      "gross_margin": null,
      "op_margin": 0.3293123810418119,
      "fcf_margin": 0.6662994838975307,
      "incr_op_margin_yoy": 0.44743990686419977,
      "rev_growth_yoy": 0.1879515694451595,
      "op_leverage_ratio": 1.32637722576429,
      "fcf_margin_change": -0.016610155224300982
    },
    {
      "date": "2022-03-31T00:00:00",
      "quarter_label": "2022-03 (Q1)",
      "revenue": 311486000,
      "gross_profit": null,
      "operating_income": 111602000,
      "net_income": 82965000,
      "opex": 199884000,
      "cogs": null,
      "rd": null,
      "sga": null,
      "fcf": 36182000,
      "ocf": 45243000,
      "capex": -9061000,
      "gross_margin": null,
      "op_margin": 0.35828897606955046,
      "fcf_margin": 0.11615931374122754,
      "incr_op_margin_yoy": 0.3485441226665266,
      "rev_growth_yoy": 0.13930921473743504,
      "rev_growth_yoy_accel": -0.04864235470772446,
      "op_leverage_ratio": 1.6364267154710324,
      "fcf_margin_change": -0.5501401701563031
    },
    {
      "date": "2022-06-30T00:00:00",
      "quarter_label": "2022-06 (Q2)",
      "revenue": 297138000,
      "gross_profit": null,
      "operating_income": 106607000,
      "net_income": 68344000,
      "opex": 190531000,
      "cogs": null,
      "rd": null,
      "sga": null,
      "fcf": 172310000,
      "ocf": 178072000,
      "capex": -5762000,
      "gross_margin": null,
      "op_margin": 0.35877942235594235,
      "fcf_margin": 0.5798989021935935,
      "incr_op_margin_yoy": 0.6285470273844289,
      "rev_growth_yoy": 0.13915810458518632,
      "rev_growth_yoy_accel": -0.00015111015224872348,
      "fcf_margin_change": 0.46373958845236596
    },
    {
      "date": "2022-09-30T00:00:00",
      "quarter_label": "2022-09 (Q3)",
      "revenue": 287115000,
      "gross_profit": null,
      "operating_income": 102810000,
      "net_income": 69083000,
      "opex": 184305000,
      "cogs": null,
      "rd": null,
      "sga": null,
      "fcf": 198371000,
      "ocf": 201507000,
      "capex": -3136000,
      "gross_margin": null,
      "op_margin": 0.3580795151768455,
      "fcf_margin": 0.6909113073158839,
      "incr_op_margin_yoy": 0.7931161083065627,
      "rev_growth_yoy": 0.08212569490247809,
      "rev_growth_yoy_accel": -0.05703240968270823,
      "fcf_margin_change": 0.11101240512229038
    },
    {
      "date": "2022-12-31T00:00:00",
      "quarter_label": "2022-12 (Q4)",
      "revenue": 293042000,
      "gross_profit": null,
      "operating_income": 91554000,
      "net_income": 88946000,
      "opex": 201488000,
      "cogs": null,
      "rd": null,
      "sga": null,
      "fcf": 202745000,
      "ocf": 208000000,
      "capex": -5255000,
      "gross_margin": null,
      "op_margin": 0.3124262051173552,
      "fcf_margin": 0.6918632823963801,
      "incr_op_margin_yoy": 0.0230831115786868,
      "rev_growth_yoy": 0.05836039048984589,
      "rev_growth_yoy_accel": -0.0237653044126322,
      "op_leverage_ratio": 0.22142016606802284,
      "fcf_margin_change": 0.0009519750804961591
    },
    {
      "date": "2023-03-31T00:00:00",
      "quarter_label": "2023-03 (Q1)",
      "revenue": 329249000,
      "gross_profit": null,
      "operating_income": 122566000,
      "net_income": 87856000,
      "opex": 206683000,
      "cogs": null,
      "rd": null,
      "sga": null,
      "fcf": 63961000,
      "ocf": 70840000,
      "capex": -6879000,
      "gross_margin": null,
      "op_margin": 0.37225929311858197,
      "fcf_margin": 0.19426330831680583,
      "incr_op_margin_yoy": 0.6172380791532962,
      "rev_growth_yoy": 0.057026640041607006,
      "rev_growth_yoy_accel": -0.0013337504482388851,
      "op_leverage_ratio": 4.792104791398637,
      "fcf_margin_change": -0.49759997407957424
    },
    {
      "date": "2023-06-30T00:00:00",
      "quarter_label": "2023-06 (Q2)",
      "revenue": 310613000,
      "gross_profit": null,
      "operating_income": 116335000,
      "net_income": 89082000,
      "opex": 194278000,
      "cogs": null,
      "rd": null,
      "sga": null,
      "fcf": 208812000,
      "ocf": 213099000,
      "capex": -4287000,
      "gross_margin": null,
      "op_margin": 0.37453358359115685,
      "fcf_margin": 0.6722577612656263,
      "incr_op_margin_yoy": 0.7219294990723563,
      "rev_growth_yoy": 0.04534929897892562,
      "rev_growth_yoy_accel": -0.011677341062681389,
      "fcf_margin_change": 0.4779944529488205
    },
    {
      "date": "2023-09-30T00:00:00",
      "quarter_label": "2023-09 (Q3)",
      "revenue": 328357000,
      "gross_profit": null,
      "operating_income": 124738000,
      "net_income": 98614000,
      "opex": 203619000,
      "cogs": null,
      "rd": null,
      "sga": null,
      "fcf": 211088000,
      "ocf": 217389000,
      "capex": -6301000,
      "gross_margin": null,
      "op_margin": 0.3798853077595422,
      "fcf_margin": 0.6428612759892434,
      "incr_op_margin_yoy": 0.5316909946171379,
      "rev_growth_yoy": 0.14364279121606324,
      "rev_growth_yoy_accel": 0.09829349223713763,
      "op_leverage_ratio": 1.1881250500758498,
      "fcf_margin_change": -0.029396485276382944
    },
    {
      "date": "2023-12-31T00:00:00",
      "quarter_label": "2023-12 (Q4)",
      "revenue": 370000000,
      "gross_profit": null,
      "operating_income": 141630000,
      "net_income": 89314000,
      "opex": 228370000,
      "cogs": null,
      "rd": null,
      "sga": null,
      "fcf": 243699000,
      "ocf": 244761000,
      "capex": -1062000,
      "gross_margin": null,
      "op_margin": 0.3827837837837838,
      "fcf_margin": 0.6586459459459459,
      "incr_op_margin_yoy": 0.650692585566153,
      "rev_growth_yoy": 0.2626176452522164,
      "rev_growth_yoy_accel": 0.11897485403615318,
      "op_leverage_ratio": 1.0433290020188835,
      "fcf_margin_change": 0.01578466995670258
    },
    {
      "date": "2024-03-31T00:00:00",
      "quarter_label": "2024-03 (Q1)",
      "revenue": 408739000,
      "gross_profit": null,
      "operating_income": 167678000,
      "net_income": 126142000,
      "opex": 241061000,
      "cogs": null,
      "rd": null,
      "sga": null,
      "fcf": 31325000,
      "ocf": 37914000,
      "capex": -6589000,
      "gross_margin": null,
      "op_margin": 0.41023244662241676,
      "fcf_margin": 0.07663814806025361,
      "incr_op_margin_yoy": 0.5675179267832432,
      "rev_growth_yoy": 0.2414282199794077,
      "rev_growth_yoy_accel": -0.021189425272808732,
      "op_leverage_ratio": 1.884039004018596,
      "fcf_margin_change": -0.5820077978856923
    },
    {
      "date": "2024-06-30T00:00:00",
      "quarter_label": "2024-06 (Q2)",
      "revenue": 404951000,
      "gross_profit": null,
      "operating_income": 162494000,
      "net_income": 119239000,
      "opex": 242457000,
      "cogs": null,
      "rd": null,
      "sga": null,
      "fcf": 280842000,
      "ocf": 285670000,
      "capex": -4828000,
      "gross_margin": null,
      "op_margin": 0.40126830159698335,
      "fcf_margin": 0.6935209445093357,
      "incr_op_margin_yoy": 0.4892938158536327,
      "rev_growth_yoy": 0.30371555601343153,
      "rev_growth_yoy_accel": 0.06228733603402384,
      "fcf_margin_change": 0.6168827964490821
    },
    {
      "date": "2024-09-30T00:00:00",
      "quarter_label": "2024-09 (Q3)",
      "revenue": 448915000,
      "gross_profit": null,
      "operating_income": 159316000,
      "net_income": 113916000,
      "opex": 289599000,
      "cogs": null,
      "rd": null,
      "sga": null,
      "fcf": 287820000,
      "ocf": 292132000,
      "capex": -4312000,
      "gross_margin": null,
      "op_margin": 0.35489123776215986,
      "fcf_margin": 0.6411458739405009,
      "incr_op_margin_yoy": 0.2868163041855373,
      "rev_growth_yoy": 0.3671552608898242,
      "rev_growth_yoy_accel": 0.06343970487639267,
      "op_leverage_ratio": 0.5583691907129571,
      "fcf_margin_change": -0.052375070568834725
    },
    {
      "date": "2024-12-31T00:00:00",
      "quarter_label": "2024-12 (Q4)",
      "revenue": 463344000,
      "gross_profit": null,
      "operating_income": 188540000,
      "net_income": 142210000,
      "opex": 274804000,
      "cogs": null,
      "rd": null,
      "sga": null,
      "fcf": 256794000,
      "ocf": 282025000,
      "capex": -25231000,
      "gross_margin": null,
      "op_margin": 0.40691149556269207,
      "fcf_margin": 0.5542188956800994,
      "incr_op_margin_yoy": 0.5025497086047309,
      "rev_growth_yoy": 0.2522810810810811,
      "rev_growth_yoy_accel": -0.1148741798087431,
      "op_leverage_ratio": Infinity,
      "fcf_margin_change": -0.08692697826040152
    },
    {
      "date": "2025-03-31T00:00:00",
      "quarter_label": "2025-03 (Q1)",
      "revenue": 509677000,
      "gross_profit": null,
      "operating_income": 204101000,
      "net_income": 148382000,
      "opex": 305576000,
      "cogs": null,
      "rd": null,
      "sga": null,
      "fcf": 58562000,
      "ocf": 60207000,
      "capex": -1645000,
      "gross_margin": null,
      "op_margin": 0.4004516585994659,
      "fcf_margin": 0.1149002211204351,
      "incr_op_margin_yoy": 0.36084527135469296,
      "rev_growth_yoy": 0.2469497650089666,
      "rev_growth_yoy_accel": -0.005331316072114511,
      "op_leverage_ratio": 0.8930056439650912,
      "fcf_margin_change": -0.43931867455966433
    },
    {
      "date": "2025-06-30T00:00:00",
      "quarter_label": "2025-06 (Q2)",
      "revenue": 512971000,
      "gross_profit": null,
      "operating_income": 199853000,
      "net_income": 153782000,
      "opex": 313118000,
      "cogs": null,
      "rd": null,
      "sga": null,
      "fcf": 403722000,
      "ocf": 409187000,
      "capex": -5465000,
      "gross_margin": null,
      "op_margin": 0.3895990221669451,
      "fcf_margin": 0.7870269469424197,
      "incr_op_margin_yoy": 0.34585261988520644,
      "rev_growth_yoy": 0.2667483226365659,
      "rev_growth_yoy_accel": 0.0197985576275993,
      "fcf_margin_change": 0.6721267258219846
    },
    {
      "date": "2025-09-30T00:00:00",
      "quarter_label": "2025-09 (Q3)",
      "revenue": 508598000,
      "gross_profit": null,
      "operating_income": 210371000,
      "net_income": 185636000,
      "opex": 298227000,
      "cogs": null,
      "rd": null,
      "sga": null,
      "fcf": 328272000,
      "ocf": 342303000,
      "capex": -14031000,
      "gross_margin": null,
      "op_margin": 0.4136292317311511,
      "fcf_margin": 0.6454449290009006,
      "incr_op_margin_yoy": 0.8554362213695692,
      "rev_growth_yoy": 0.13294944477239568,
      "rev_growth_yoy_accel": -0.13379887786417022,
      "fcf_margin_change": -0.14158201794151914
    }
  ],
  "signals": [
    {
      "quarter": "2025-09 (Q3)",
      "signal": "YoY REVENUE GROWTH DECELERATION",
      "detail": "YoY growth: +13.3% vs prior quarter YoY: +26.7% (decel: -13.4%)",
      "severity": "WARNING"
    },
    {
      "quarter": "2025-09 (Q3)",
      "signal": "INCREMENTAL MARGIN (YoY)",
      "detail": "YoY Incr OPM: +85.5% vs year-ago OPM: +35.5%",
      "severity": "HIGH"
    },
    {
      "quarter": "2025-06 (Q2)",
      "signal": "FCF MARGIN EXPANSION",
      "detail": "FCF margin: +11.5% -> +78.7% (+67.2%)",
      "severity": "MEDIUM"
    },
    {
      "quarter": "2024-12 (Q4)",
      "signal": "YoY REVENUE GROWTH DECELERATION",
      "detail": "YoY growth: +25.2% vs prior quarter YoY: +36.7% (decel: -11.5%)",
      "severity": "WARNING"
    },
    {
      "quarter": "2024-12 (Q4)",
      "signal": "INCREMENTAL MARGIN (YoY)",
      "detail": "YoY Incr OPM: +50.3% vs year-ago OPM: +38.3%",
      "severity": "MEDIUM"
    },
    {
      "quarter": "2024-09 (Q3)",
      "signal": "YoY REVENUE GROWTH ACCELERATION",
      "detail": "YoY growth: +36.7% vs prior quarter YoY: +30.4% (accel: +6.3%)",
      "severity": "MEDIUM"
    },
    {
      "quarter": "2024-06 (Q2)",
      "signal": "FCF MARGIN EXPANSION",
      "detail": "FCF margin: +7.7% -> +69.4% (+61.7%)",
      "severity": "MEDIUM"
    },
    {
      "quarter": "2024-06 (Q2)",
      "signal": "YoY REVENUE GROWTH ACCELERATION",
      "detail": "YoY growth: +30.4% vs prior quarter YoY: +24.1% (accel: +6.2%)",
      "severity": "MEDIUM"
    },
    {
      "quarter": "2024-06 (Q2)",
      "signal": "INCREMENTAL MARGIN (YoY)",
      "detail": "YoY Incr OPM: +48.9% vs year-ago OPM: +37.5%",
      "severity": "MEDIUM"
    },
    {
      "quarter": "2024-03 (Q1)",
      "signal": "OPERATING LEVERAGE",
      "detail": "Rev growth +10.5% vs OpEx growth +5.6% (leverage: 1.9x)",
      "severity": "MEDIUM"
    },
    {
      "quarter": "2024-03 (Q1)",
      "signal": "INCREMENTAL MARGIN (YoY)",
      "detail": "YoY Incr OPM: +56.8% vs year-ago OPM: +37.2%",
      "severity": "MEDIUM"
    },
    {
      "quarter": "2023-12 (Q4)",
      "signal": "YoY REVENUE GROWTH ACCELERATION",
      "detail": "YoY growth: +26.3% vs prior quarter YoY: +14.4% (accel: +11.9%)",
      "severity": "MEDIUM"
    },
    {
      "quarter": "2023-12 (Q4)",
      "signal": "INCREMENTAL MARGIN (YoY)",
      "detail": "YoY Incr OPM: +65.1% vs year-ago OPM: +31.2%",
      "severity": "HIGH"
    },
    {
      "quarter": "2023-09 (Q3)",
      "signal": "YoY REVENUE GROWTH ACCELERATION",
      "detail": "YoY growth: +14.4% vs prior quarter YoY: +4.5% (accel: +9.8%)",
      "severity": "MEDIUM"
    },
    {
      "quarter": "2023-09 (Q3)",
      "signal": "INCREMENTAL MARGIN (YoY)",
      "detail": "YoY Incr OPM: +53.2% vs year-ago OPM: +35.8%",
      "severity": "MEDIUM"
    },
    {
      "quarter": "2023-06 (Q2)",
      "signal": "FCF MARGIN EXPANSION",
      "detail": "FCF margin: +19.4% -> +67.2% (+47.8%)",
      "severity": "MEDIUM"
    },
    {
      "quarter": "2023-06 (Q2)",
      "signal": "INCREMENTAL MARGIN (YoY)",
      "detail": "YoY Incr OPM: +72.2% vs year-ago OPM: +35.9%",
      "severity": "HIGH"
    },
    {
      "quarter": "2023-03 (Q1)",
      "signal": "OPERATING LEVERAGE",
      "detail": "Rev growth +12.4% vs OpEx growth +2.6% (leverage: 4.8x)",
      "severity": "MEDIUM"
    },
    {
      "quarter": "2023-03 (Q1)",
      "signal": "INCREMENTAL MARGIN (YoY)",
      "detail": "YoY Incr OPM: +61.7% vs year-ago OPM: +35.8%",
      "severity": "HIGH"
    },
    {
      "quarter": "2022-09 (Q3)",
      "signal": "FCF MARGIN EXPANSION",
      "detail": "FCF margin: +58.0% -> +69.1% (+11.1%)",
      "severity": "MEDIUM"
    },
    {
      "quarter": "2022-09 (Q3)",
      "signal": "YoY REVENUE GROWTH DECELERATION",
      "detail": "YoY growth: +8.2% vs prior quarter YoY: +13.9% (decel: -5.7%)",
      "severity": "WARNING"
    },
    {
      "quarter": "2022-09 (Q3)",
      "signal": "INCREMENTAL MARGIN (YoY)",
      "detail": "YoY Incr OPM: +79.3% vs year-ago OPM: +32.2%",
      "severity": "HIGH"
    },
    {
      "quarter": "2022-06 (Q2)",
      "signal": "FCF MARGIN EXPANSION",
      "detail": "FCF margin: +11.6% -> +58.0% (+46.4%)",
      "severity": "MEDIUM"
    },
    {
      "quarter": "2022-06 (Q2)",
      "signal": "INCREMENTAL MARGIN (YoY)",
      "detail": "YoY Incr OPM: +62.9% vs year-ago OPM: +32.1%",
      "severity": "HIGH"
    },
    {
      "quarter": "2022-03 (Q1)",
      "signal": "OPERATING LEVERAGE",
      "detail": "Rev growth +12.5% vs OpEx growth +7.6% (leverage: 1.6x)",
      "severity": "MEDIUM"
    },
    {
      "quarter": "2021-12 (Q4)",
      "signal": "INCREMENTAL MARGIN (YoY)",
      "detail": "YoY Incr OPM: +44.7% vs year-ago OPM: +30.7%",
      "severity": "MEDIUM"
    },
    {
      "quarter": "2021-09 (Q3)",
      "signal": "FCF MARGIN EXPANSION",
      "detail": "FCF margin: +55.3% -> +68.3% (+13.0%)",
      "severity": "MEDIUM"
    },
    {
      "quarter": "2021-06 (Q2)",
      "signal": "FCF MARGIN EXPANSION",
      "detail": "FCF margin: +18.7% -> +55.3% (+36.6%)",
      "severity": "MEDIUM"
    },
    {
      "quarter": "2021-03 (Q1)",
      "signal": "OPERATING LEVERAGE",
      "detail": "Rev growth +17.3% vs OpEx growth +8.4% (leverage: 2.1x)",
      "severity": "MEDIUM"
    }
  ],
  "data_quality": {
    "n_quarters": 20,
    "coverage": {
      "revenue": [
        20,
        20
      ],
      "gross_profit": [
        0,
        20
      ],
      "op_income": [
        20,
        20
      ],
      "fcf": [
        20,
        20
      ]
    },
    "gaps": [],
    "warnings": [
      "gross_profit: no data"
    ]
  },
  "market_cap": null,
  "source": "SEC EDGAR",
  "last_updated": "2026-02-02T20:16:04.286811"
}