{
  "ticker": "TWFG",
  "name": "TWFG, Inc.",
  "quarters": [
    {
      "date": "2023-06-30T00:00:00",
      "quarter_label": "2023-06 (Q2)",
      "revenue": 45376000,
      "gross_profit": null,
      "operating_income": 7240000,
      "net_income": 7067000,
      "opex": 38136000,
      "cogs": null,
      "rd": null,
      "sga": null,
      "fcf": null,
      "ocf": null,
      "capex": null,
      "gross_margin": null,
      "op_margin": 0.15955571227080395,
      "fcf_margin": null
    },
    {
      "date": "2023-09-30T00:00:00",
      "quarter_label": "2023-09 (Q3)",
      "revenue": 47710000,
      "gross_profit": null,
      "operating_income": 7902000,
      "net_income": 7608000,
      "opex": 39808000,
      "cogs": null,
      "rd": null,
      "sga": null,
      "fcf": 7231000,
      "ocf": 7394000,
      "capex": -163000,
      "gross_margin": null,
      "op_margin": 0.16562565499895202,
      "fcf_margin": 0.15156151750157199,
      "op_leverage_ratio": 1.1732039279664737
    },
    {
      "date": "2023-12-31T00:00:00",
      "quarter_label": "2023-12 (Q4)",
      "revenue": 39101000,
      "gross_profit": null,
      "operating_income": 4781000,
      "net_income": -20881000,
      "opex": 34320000,
      "cogs": null,
      "rd": null,
      "sga": null,
      "fcf": 6008000,
      "ocf": 6051000,
      "capex": -43000,
      "gross_margin": null,
      "op_margin": 0.12227308764481727,
      "fcf_margin": 0.15365335924912407,
      "fcf_margin_change": 0.0020918417475520867
    },
    {
      "date": "2024-03-31T00:00:00",
      "quarter_label": "2024-03 (Q1)",
      "revenue": 46143000,
      "gross_profit": null,
      "operating_income": 7303000,
      "net_income": 6629000,
      "opex": 38840000,
      "cogs": null,
      "rd": null,
      "sga": null,
      "fcf": 9746000,
      "ocf": 9754000,
      "capex": -8000,
      "gross_margin": null,
      "op_margin": 0.15826885984873112,
      "fcf_margin": 0.21121296838090284,
      "op_leverage_ratio": 1.3674674594701761,
      "fcf_margin_change": 0.057559609131778766
    },
    {
      "date": "2024-06-30T00:00:00",
      "quarter_label": "2024-06 (Q2)",
      "revenue": 53266000,
      "gross_profit": null,
      "operating_income": 7776000,
      "net_income": 6918000,
      "opex": 45490000,
      "cogs": null,
      "rd": null,
      "sga": null,
      "fcf": 7361000,
      "ocf": 7400000,
      "capex": -39000,
      "gross_margin": null,
      "op_margin": 0.14598430518529643,
      "fcf_margin": 0.13819321893891037,
      "incr_op_margin_yoy": 0.0679340937896071,
      "rev_growth_yoy": 0.17388046544428773,
      "op_leverage_ratio": 0.9016016407966148,
      "fcf_margin_change": -0.07301974944199247
    },
    {
      "date": "2024-09-30T00:00:00",
      "quarter_label": "2024-09 (Q3)",
      "revenue": 54640000,
      "gross_profit": null,
      "operating_income": 7745000,
      "net_income": 1154000,
      "opex": 46895000,
      "cogs": null,
      "rd": null,
      "sga": null,
      "fcf": 11492000,
      "ocf": 11725000,
      "capex": -233000,
      "gross_margin": null,
      "op_margin": 0.1417459736456808,
      "fcf_margin": 0.21032210834553441,
      "incr_op_margin_yoy": -0.022655122655122654,
      "rev_growth_yoy": 0.14525256759589183,
      "rev_growth_yoy_accel": -0.028627897848395895,
      "op_leverage_ratio": 0.8351726438970838,
      "fcf_margin_change": 0.07212888940662404
    },
    {
      "date": "2024-12-31T00:00:00",
      "quarter_label": "2024-12 (Q4)",
      "revenue": 49541000,
      "gross_profit": null,
      "operating_income": 4931000,
      "net_income": 8152000,
      "opex": 44610000,
      "cogs": null,
      "rd": null,
      "sga": null,
      "fcf": 8679000,
      "ocf": 11600000,
      "capex": -2921000,
      "gross_margin": null,
      "op_margin": 0.09953371954542702,
      "fcf_margin": 0.17518822793241962,
      "incr_op_margin_yoy": 0.014367816091954023,
      "rev_growth_yoy": 0.26700084396818496,
      "rev_growth_yoy_accel": 0.12174827637229313,
      "fcf_margin_change": -0.0351338804131148
    },
    {
      "date": "2025-03-31T00:00:00",
      "quarter_label": "2025-03 (Q1)",
      "revenue": 53823000,
      "gross_profit": null,
      "operating_income": 5730000,
      "net_income": 1338000,
      "opex": 48093000,
      "cogs": null,
      "rd": null,
      "sga": null,
      "fcf": 15630000,
      "ocf": 15645000,
      "capex": -15000,
      "gross_margin": null,
      "op_margin": 0.10646006354160861,
      "fcf_margin": 0.29039629897999,
      "incr_op_margin_yoy": -0.20481770833333332,
      "rev_growth_yoy": 0.1664391131916,
      "rev_growth_yoy_accel": -0.10056173077658495,
      "op_leverage_ratio": 1.1070331934844908,
      "fcf_margin_change": 0.11520807104757036
    },
    {
      "date": "2025-06-30T00:00:00",
      "quarter_label": "2025-06 (Q2)",
      "revenue": 60308000,
      "gross_profit": null,
      "operating_income": 7363000,
      "net_income": 1957000,
      "opex": 52945000,
      "cogs": null,
      "rd": null,
      "sga": null,
      "fcf": 9571000,
      "ocf": 9615000,
      "capex": -44000,
      "gross_margin": null,
      "op_margin": 0.12208993831664124,
      "fcf_margin": 0.15870199641838562,
      "incr_op_margin_yoy": -0.05864811133200795,
      "rev_growth_yoy": 0.1322044080651823,
      "rev_growth_yoy_accel": -0.034234705126417714,
      "op_leverage_ratio": 1.1942717411237982,
      "fcf_margin_change": -0.13169430256160436
    },
    {
      "date": "2025-09-30T00:00:00",
      "quarter_label": "2025-09 (Q3)",
      "revenue": 64123000,
      "gross_profit": null,
      "operating_income": 9034000,
      "net_income": 1722000,
      "opex": 55089000,
      "cogs": null,
      "rd": null,
      "sga": null,
      "fcf": 14884000,
      "ocf": 14953000,
      "capex": -69000,
      "gross_margin": null,
      "op_margin": 0.14088548570715656,
      "fcf_margin": 0.23211640129126834,
      "incr_op_margin_yoy": 0.13592744911947696,
      "rev_growth_yoy": 0.1735541727672035,
      "rev_growth_yoy_accel": 0.0413497647020212,
      "op_leverage_ratio": 1.562139405467357,
      "fcf_margin_change": 0.07341440487288273
    }
  ],
  "signals": [
    {
      "quarter": "2025-09 (Q3)",
      "signal": "FCF MARGIN EXPANSION",
      "detail": "FCF margin: +15.9% -> +23.2% (+7.3%)",
      "severity": "MEDIUM"
    },
    {
      "quarter": "2025-09 (Q3)",
      "signal": "OPERATING LEVERAGE",
      "detail": "Rev growth +6.3% vs OpEx growth +4.0% (leverage: 1.6x)",
      "severity": "MEDIUM"
    },
    {
      "quarter": "2025-03 (Q1)",
      "signal": "FCF MARGIN EXPANSION",
      "detail": "FCF margin: +17.5% -> +29.0% (+11.5%)",
      "severity": "MEDIUM"
    },
    {
      "quarter": "2025-03 (Q1)",
      "signal": "YoY REVENUE GROWTH DECELERATION",
      "detail": "YoY growth: +16.6% vs prior quarter YoY: +26.7% (decel: -10.1%)",
      "severity": "WARNING"
    },
    {
      "quarter": "2024-12 (Q4)",
      "signal": "YoY REVENUE GROWTH ACCELERATION",
      "detail": "YoY growth: +26.7% vs prior quarter YoY: +14.5% (accel: +12.2%)",
      "severity": "MEDIUM"
    },
    {
      "quarter": "2024-09 (Q3)",
      "signal": "FCF MARGIN EXPANSION",
      "detail": "FCF margin: +13.8% -> +21.0% (+7.2%)",
      "severity": "MEDIUM"
    },
    {
      "quarter": "2024-03 (Q1)",
      "signal": "FCF MARGIN EXPANSION",
      "detail": "FCF margin: +15.4% -> +21.1% (+5.8%)",
      "severity": "MEDIUM"
    }
  ],
  "data_quality": {
    "n_quarters": 10,
    "coverage": {
      "revenue": [
        10,
        10
      ],
      "gross_profit": [
        0,
        10
      ],
      "op_income": [
        10,
        10
      ],
      "fcf": [
        9,
        10
      ]
    },
    "gaps": [],
    "warnings": [
      "gross_profit: no data"
    ]
  },
  "market_cap": null,
  "source": "SEC EDGAR",
  "last_updated": "2026-02-02T22:36:55.858785"
}