{
  "ticker": "TXNM",
  "name": "TXNM Energy, Inc.",
  "quarters": [
    {
      "date": "2020-12-31T00:00:00",
      "quarter_label": "2020-12 (Q4)",
      "revenue": 359276000,
      "gross_profit": null,
      "operating_income": 18588000,
      "net_income": 8778000,
      "opex": null,
      "cogs": null,
      "rd": null,
      "sga": null,
      "fcf": 117743000,
      "ocf": 117743000,
      "capex": null,
      "gross_margin": null,
      "op_margin": 0.05173738295906211,
      "fcf_margin": 0.32772297620770663
    },
    {
      "date": "2021-03-31T00:00:00",
      "quarter_label": "2021-03 (Q1)",
      "revenue": 364707000,
      "gross_profit": null,
      "operating_income": 43166000,
      "net_income": null,
      "opex": null,
      "cogs": null,
      "rd": null,
      "sga": null,
      "fcf": 86477000,
      "ocf": 86477000,
      "capex": null,
      "gross_margin": null,
      "op_margin": 0.11835802438669946,
      "fcf_margin": 0.23711362820017165,
      "fcf_margin_change": -0.09060934800753498
    },
    {
      "date": "2021-06-30T00:00:00",
      "quarter_label": "2021-06 (Q2)",
      "revenue": 426540000,
      "gross_profit": null,
      "operating_income": 74203000,
      "net_income": null,
      "opex": null,
      "cogs": null,
      "rd": null,
      "sga": null,
      "fcf": 88086000,
      "ocf": 88086000,
      "capex": null,
      "gross_margin": null,
      "op_margin": 0.17396492708772918,
      "fcf_margin": 0.20651287100858068,
      "fcf_margin_change": -0.03060075719159097
    },
    {
      "date": "2021-09-30T00:00:00",
      "quarter_label": "2021-09 (Q3)",
      "revenue": 554551000,
      "gross_profit": 237097000,
      "operating_income": 151729000,
      "net_income": null,
      "opex": 85368000,
      "cogs": null,
      "rd": null,
      "sga": null,
      "fcf": 233949000,
      "ocf": 233949000,
      "capex": null,
      "gross_margin": 0.4275476917361974,
      "op_margin": 0.27360693606178693,
      "fcf_margin": 0.42187102719136743,
      "fcf_margin_change": 0.21535815618278675
    },
    {
      "date": "2021-12-31T00:00:00",
      "quarter_label": "2021-12 (Q4)",
      "revenue": 434075000,
      "gross_profit": 128285000,
      "operating_income": 39055000,
      "net_income": null,
      "opex": 89230000,
      "cogs": null,
      "rd": null,
      "sga": null,
      "fcf": 139361000,
      "ocf": 139361000,
      "capex": null,
      "gross_margin": 0.29553648563036344,
      "op_margin": 0.08997293094511317,
      "fcf_margin": 0.3210528134538962,
      "incr_op_margin_yoy": 0.27362665276273745,
      "rev_growth_yoy": 0.20819370066467005,
      "fcf_margin_change": -0.10081821373747124
    },
    {
      "date": "2022-03-31T00:00:00",
      "quarter_label": "2022-03 (Q1)",
      "revenue": 444118000,
      "gross_profit": 154240000,
      "operating_income": 68068000,
      "net_income": null,
      "opex": 86172000,
      "cogs": null,
      "rd": null,
      "sga": null,
      "fcf": 116610000,
      "ocf": 116610000,
      "capex": null,
      "gross_margin": 0.347295088242314,
      "op_margin": 0.1532655735637826,
      "fcf_margin": 0.2625653542526986,
      "incr_op_margin_yoy": 0.3135837604362116,
      "rev_growth_yoy": 0.2177391714444746,
      "rev_growth_yoy_accel": 0.009545470779804555,
      "op_leverage_ratio": Infinity,
      "fcf_margin_change": -0.05848745920119758
    },
    {
      "date": "2022-06-30T00:00:00",
      "quarter_label": "2022-06 (Q2)",
      "revenue": 499730000,
      "gross_profit": 170186000,
      "operating_income": 86392000,
      "net_income": null,
      "opex": 83794000,
      "cogs": null,
      "rd": null,
      "sga": null,
      "fcf": 101254000,
      "ocf": 101254000,
      "capex": null,
      "gross_margin": 0.3405559001861005,
      "op_margin": 0.17287735377103636,
      "fcf_margin": 0.20261741340323774,
      "incr_op_margin_yoy": 0.1665391446918978,
      "rev_growth_yoy": 0.1715900032822244,
      "rev_growth_yoy_accel": -0.046149168162250204,
      "op_leverage_ratio": Infinity,
      "fcf_margin_change": -0.05994794084946087
    },
    {
      "date": "2022-09-30T00:00:00",
      "quarter_label": "2022-09 (Q3)",
      "revenue": 729888000,
      "gross_profit": 269221000,
      "operating_income": 182763000,
      "net_income": null,
      "opex": 86458000,
      "cogs": null,
      "rd": null,
      "sga": null,
      "fcf": 209632000,
      "ocf": 209632000,
      "capex": null,
      "gross_margin": 0.3688524814766101,
      "op_margin": 0.2503986913060634,
      "fcf_margin": 0.287211188565917,
      "incr_op_margin_yoy": 0.17699629855649407,
      "rev_growth_yoy": 0.3161783136266998,
      "rev_growth_yoy_accel": 0.1445883103444754,
      "op_leverage_ratio": 14.486696278452829,
      "fcf_margin_change": 0.08459377516267924
    },
    {
      "date": "2022-12-31T00:00:00",
      "quarter_label": "2022-12 (Q4)",
      "revenue": 575819000,
      "gross_profit": 146808000,
      "operating_income": 56537000,
      "net_income": null,
      "opex": 90271000,
      "cogs": null,
      "rd": null,
      "sga": null,
      "fcf": 139788000,
      "ocf": 139788000,
      "capex": null,
      "gross_margin": 0.25495511610419247,
      "op_margin": 0.09818536727687,
      "fcf_margin": 0.24276378514776345,
      "incr_op_margin_yoy": 0.12333502652669602,
      "rev_growth_yoy": 0.3265426481598802,
      "rev_growth_yoy_accel": 0.01036433453318042,
      "fcf_margin_change": -0.044447403418153536
    },
    {
      "date": "2023-03-31T00:00:00",
      "quarter_label": "2023-03 (Q1)",
      "revenue": 544077000,
      "gross_profit": 186711000,
      "operating_income": 99091000,
      "net_income": null,
      "opex": 87620000,
      "cogs": null,
      "rd": null,
      "sga": null,
      "fcf": 131501000,
      "ocf": 131501000,
      "capex": null,
      "gross_margin": 0.34317017628019564,
      "op_margin": 0.18212679455297687,
      "fcf_margin": 0.24169556882573606,
      "incr_op_margin_yoy": 0.3103572464710531,
      "rev_growth_yoy": 0.22507306616709974,
      "rev_growth_yoy_accel": -0.10146958199278047,
      "fcf_margin_change": -0.0010682163220273877
    },
    {
      "date": "2023-06-30T00:00:00",
      "quarter_label": "2023-06 (Q2)",
      "revenue": 477156000,
      "gross_profit": 181627000,
      "operating_income": 92330000,
      "net_income": null,
      "opex": 89297000,
      "cogs": null,
      "rd": null,
      "sga": null,
      "fcf": 110942000,
      "ocf": 110942000,
      "capex": null,
      "gross_margin": 0.38064490439185505,
      "op_margin": 0.193500658065706,
      "fcf_margin": 0.23250676927461877,
      "incr_op_margin_yoy": -0.2630459821033047,
      "rev_growth_yoy": -0.04517239309226983,
      "rev_growth_yoy_accel": -0.27024545925936955,
      "fcf_margin_change": -0.009188799551117288
    },
    {
      "date": "2023-09-30T00:00:00",
      "quarter_label": "2023-09 (Q3)",
      "revenue": 505851000,
      "gross_profit": 177178000,
      "operating_income": 86652000,
      "net_income": null,
      "opex": 90526000,
      "cogs": null,
      "rd": null,
      "sga": null,
      "fcf": 170161000,
      "ocf": 170161000,
      "capex": null,
      "gross_margin": 0.35025728920176097,
      "op_margin": 0.17129945379172917,
      "fcf_margin": 0.33638561552710183,
      "incr_op_margin_yoy": 0.4289961033222191,
      "rev_growth_yoy": -0.30694709325266345,
      "rev_growth_yoy_accel": -0.2617747001603936,
      "op_leverage_ratio": 4.369490763489706,
      "fcf_margin_change": 0.10387884625248306
    },
    {
      "date": "2023-12-31T00:00:00",
      "quarter_label": "2023-12 (Q4)",
      "revenue": 412114000,
      "gross_profit": 110315000,
      "operating_income": -46733000,
      "net_income": null,
      "opex": 157048000,
      "cogs": null,
      "rd": null,
      "sga": null,
      "fcf": 138567000,
      "ocf": 138567000,
      "capex": null,
      "gross_margin": 0.2676807873549552,
      "op_margin": -0.11339823446910322,
      "fcf_margin": 0.33623463410609683,
      "incr_op_margin_yoy": 0.6308298463699948,
      "rev_growth_yoy": -0.2842994065843607,
      "rev_growth_yoy_accel": 0.022647686668302747,
      "fcf_margin_change": -0.00015098142100500311
    },
    {
      "date": "2024-03-31T00:00:00",
      "quarter_label": "2024-03 (Q1)",
      "revenue": 436877000,
      "gross_profit": 175928000,
      "operating_income": 80590000,
      "net_income": null,
      "opex": 95338000,
      "cogs": null,
      "rd": null,
      "sga": null,
      "fcf": 92816000,
      "ocf": 92816000,
      "capex": null,
      "gross_margin": 0.40269457993897595,
      "op_margin": 0.1844683972834459,
      "fcf_margin": 0.2124533907713155,
      "incr_op_margin_yoy": 0.1725839552238806,
      "rev_growth_yoy": -0.19703093495957374,
      "rev_growth_yoy_accel": 0.08726847162478696,
      "op_leverage_ratio": Infinity,
      "fcf_margin_change": -0.12378124333478133
    },
    {
      "date": "2024-06-30T00:00:00",
      "quarter_label": "2024-06 (Q2)",
      "revenue": 488102000,
      "gross_profit": 198498000,
      "operating_income": 105683000,
      "net_income": null,
      "opex": 92815000,
      "cogs": null,
      "rd": null,
      "sga": null,
      "fcf": 76708000,
      "ocf": 76708000,
      "capex": null,
      "gross_margin": 0.4066731953567082,
      "op_margin": 0.2165182687225211,
      "fcf_margin": 0.15715567647745757,
      "incr_op_margin_yoy": 1.219897679517632,
      "rev_growth_yoy": 0.02294008668024713,
      "rev_growth_yoy_accel": 0.21997102163982088,
      "op_leverage_ratio": Infinity,
      "fcf_margin_change": -0.055297714293857936
    },
    {
      "date": "2024-09-30T00:00:00",
      "quarter_label": "2024-09 (Q3)",
      "revenue": 569256000,
      "gross_profit": 297272000,
      "operating_income": 191080000,
      "net_income": null,
      "opex": 106192000,
      "cogs": null,
      "rd": null,
      "sga": null,
      "fcf": 179997000,
      "ocf": 179997000,
      "capex": null,
      "gross_margin": 0.5222114479250108,
      "op_margin": 0.33566620290343885,
      "fcf_margin": 0.31619693073063787,
      "incr_op_margin_yoy": 1.6469994479930605,
      "rev_growth_yoy": 0.12534323348179602,
      "rev_growth_yoy_accel": 0.10240314680154888,
      "op_leverage_ratio": 1.1536093979271003,
      "fcf_margin_change": 0.1590412542531803
    },
    {
      "date": "2024-12-31T00:00:00",
      "quarter_label": "2024-12 (Q4)",
      "revenue": 476964000,
      "gross_profit": null,
      "operating_income": 76133000,
      "net_income": null,
      "opex": null,
      "cogs": null,
      "rd": null,
      "sga": null,
      "fcf": 158639000,
      "ocf": 158639000,
      "capex": null,
      "gross_margin": null,
      "op_margin": 0.15962001325047592,
      "fcf_margin": 0.3326016219253445,
      "incr_op_margin_yoy": 1.8946183500385505,
      "rev_growth_yoy": 0.15735937143605896,
      "rev_growth_yoy_accel": 0.032016137954262947,
      "fcf_margin_change": 0.01640469119470661
    },
    {
      "date": "2025-03-31T00:00:00",
      "quarter_label": "2025-03 (Q1)",
      "revenue": 482792000,
      "gross_profit": null,
      "operating_income": 71889000,
      "net_income": null,
      "opex": null,
      "cogs": null,
      "rd": null,
      "sga": null,
      "fcf": 141257000,
      "ocf": 141257000,
      "capex": null,
      "gross_margin": null,
      "op_margin": 0.14890263301794562,
      "fcf_margin": 0.29258355565129496,
      "incr_op_margin_yoy": -0.1895023412828052,
      "rev_growth_yoy": 0.10509823130995681,
      "rev_growth_yoy_accel": -0.052261140126102154,
      "fcf_margin_change": -0.040018066274049524
    },
    {
      "date": "2025-06-30T00:00:00",
      "quarter_label": "2025-06 (Q2)",
      "revenue": 502420000,
      "gross_profit": null,
      "operating_income": 72701000,
      "net_income": null,
      "opex": null,
      "cogs": null,
      "rd": null,
      "sga": null,
      "fcf": 3538000,
      "ocf": 3538000,
      "capex": null,
      "gross_margin": null,
      "op_margin": 0.1447016440428327,
      "fcf_margin": 0.007041917121133712,
      "incr_op_margin_yoy": -2.3035340131303257,
      "rev_growth_yoy": 0.029334032640718537,
      "rev_growth_yoy_accel": -0.07576419866923828,
      "fcf_margin_change": -0.28554163853016123
    },
    {
      "date": "2025-09-30T00:00:00",
      "quarter_label": "2025-09 (Q3)",
      "revenue": 647162000,
      "gross_profit": null,
      "operating_income": 202870000,
      "net_income": null,
      "opex": null,
      "cogs": null,
      "rd": null,
      "sga": null,
      "fcf": 281995000,
      "ocf": 281995000,
      "capex": null,
      "gross_margin": null,
      "op_margin": 0.3134763784029347,
      "fcf_margin": 0.4357409736665626,
      "incr_op_margin_yoy": 0.1513362257079044,
      "rev_growth_yoy": 0.13685582584988124,
      "rev_growth_yoy_accel": 0.10752179320916269,
      "fcf_margin_change": 0.4286990565454289
    }
  ],
  "signals": [
    {
      "quarter": "2025-09 (Q3)",
      "signal": "FCF MARGIN EXPANSION",
      "detail": "FCF margin: +0.7% -> +43.6% (+42.9%)",
      "severity": "MEDIUM"
    },
    {
      "quarter": "2025-09 (Q3)",
      "signal": "YoY REVENUE GROWTH ACCELERATION",
      "detail": "YoY growth: +13.7% vs prior quarter YoY: +2.9% (accel: +10.8%)",
      "severity": "MEDIUM"
    },
    {
      "quarter": "2025-06 (Q2)",
      "signal": "YoY REVENUE GROWTH DECELERATION",
      "detail": "YoY growth: +2.9% vs prior quarter YoY: +10.5% (decel: -7.6%)",
      "severity": "WARNING"
    },
    {
      "quarter": "2025-03 (Q1)",
      "signal": "YoY REVENUE GROWTH DECELERATION",
      "detail": "YoY growth: +10.5% vs prior quarter YoY: +15.7% (decel: -5.2%)",
      "severity": "WARNING"
    },
    {
      "quarter": "2024-12 (Q4)",
      "signal": "OP MARGIN TURNED POSITIVE (YoY)",
      "detail": "Op margin: -11.3% (year-ago) -> +16.0%",
      "severity": "HIGH"
    },
    {
      "quarter": "2024-09 (Q3)",
      "signal": "FCF MARGIN EXPANSION",
      "detail": "FCF margin: +15.7% -> +31.6% (+15.9%)",
      "severity": "MEDIUM"
    },
    {
      "quarter": "2024-09 (Q3)",
      "signal": "YoY REVENUE GROWTH ACCELERATION",
      "detail": "YoY growth: +12.5% vs prior quarter YoY: +2.3% (accel: +10.2%)",
      "severity": "MEDIUM"
    },
    {
      "quarter": "2024-09 (Q3)",
      "signal": "INCREMENTAL MARGIN (YoY)",
      "detail": "YoY Incr OPM: +164.7% vs year-ago OPM: +17.1%",
      "severity": "HIGH"
    },
    {
      "quarter": "2024-06 (Q2)",
      "signal": "YoY REVENUE GROWTH ACCELERATION",
      "detail": "YoY growth: +2.3% vs prior quarter YoY: -19.7% (accel: +22.0%)",
      "severity": "HIGH"
    },
    {
      "quarter": "2024-06 (Q2)",
      "signal": "INCREMENTAL MARGIN (YoY)",
      "detail": "YoY Incr OPM: +122.0% vs year-ago OPM: +19.4%",
      "severity": "HIGH"
    },
    {
      "quarter": "2024-03 (Q1)",
      "signal": "GROSS MARGIN INFLECTION",
      "detail": "GM: +35.0% -> +26.8% -> +40.3% (reversal +13.5%)",
      "severity": "HIGH"
    },
    {
      "quarter": "2024-03 (Q1)",
      "signal": "YoY REVENUE GROWTH ACCELERATION",
      "detail": "YoY growth: -19.7% vs prior quarter YoY: -28.4% (accel: +8.7%)",
      "severity": "MEDIUM"
    },
    {
      "quarter": "2024-03 (Q1)",
      "signal": "OP MARGIN TURNED POSITIVE (QoQ)",
      "detail": "Op margin: -11.3% -> +18.4%",
      "severity": "HIGH"
    },
    {
      "quarter": "2023-09 (Q3)",
      "signal": "FCF MARGIN EXPANSION",
      "detail": "FCF margin: +23.3% -> +33.6% (+10.4%)",
      "severity": "MEDIUM"
    },
    {
      "quarter": "2023-09 (Q3)",
      "signal": "OPERATING LEVERAGE",
      "detail": "Rev growth +6.0% vs OpEx growth +1.4% (leverage: 4.4x)",
      "severity": "MEDIUM"
    },
    {
      "quarter": "2023-09 (Q3)",
      "signal": "YoY REVENUE GROWTH DECELERATION",
      "detail": "YoY growth: -30.7% vs prior quarter YoY: -4.5% (decel: -26.2%)",
      "severity": "WARNING"
    },
    {
      "quarter": "2023-09 (Q3)",
      "signal": "INCREMENTAL MARGIN (YoY)",
      "detail": "YoY Incr OPM: +42.9% vs year-ago OPM: +25.0%",
      "severity": "MEDIUM"
    },
    {
      "quarter": "2023-06 (Q2)",
      "signal": "YoY REVENUE GROWTH DECELERATION",
      "detail": "YoY growth: -4.5% vs prior quarter YoY: +22.5% (decel: -27.0%)",
      "severity": "WARNING"
    },
    {
      "quarter": "2023-03 (Q1)",
      "signal": "GROSS MARGIN INFLECTION",
      "detail": "GM: +36.9% -> +25.5% -> +34.3% (reversal +8.8%)",
      "severity": "HIGH"
    },
    {
      "quarter": "2023-03 (Q1)",
      "signal": "YoY REVENUE GROWTH DECELERATION",
      "detail": "YoY growth: +22.5% vs prior quarter YoY: +32.7% (decel: -10.1%)",
      "severity": "WARNING"
    },
    {
      "quarter": "2023-03 (Q1)",
      "signal": "INCREMENTAL MARGIN (YoY)",
      "detail": "YoY Incr OPM: +31.0% vs year-ago OPM: +15.3%",
      "severity": "MEDIUM"
    },
    {
      "quarter": "2022-09 (Q3)",
      "signal": "FCF MARGIN EXPANSION",
      "detail": "FCF margin: +20.3% -> +28.7% (+8.5%)",
      "severity": "MEDIUM"
    },
    {
      "quarter": "2022-09 (Q3)",
      "signal": "OPERATING LEVERAGE",
      "detail": "Rev growth +46.1% vs OpEx growth +3.2% (leverage: 14.5x)",
      "severity": "MEDIUM"
    },
    {
      "quarter": "2022-09 (Q3)",
      "signal": "GROSS MARGIN INFLECTION",
      "detail": "GM: +34.7% -> +34.1% -> +36.9% (reversal +2.8%)",
      "severity": "MEDIUM"
    },
    {
      "quarter": "2022-09 (Q3)",
      "signal": "YoY REVENUE GROWTH ACCELERATION",
      "detail": "YoY growth: +31.6% vs prior quarter YoY: +17.2% (accel: +14.5%)",
      "severity": "MEDIUM"
    },
    {
      "quarter": "2022-03 (Q1)",
      "signal": "GROSS MARGIN INFLECTION",
      "detail": "GM: +42.8% -> +29.6% -> +34.7% (reversal +5.2%)",
      "severity": "HIGH"
    },
    {
      "quarter": "2022-03 (Q1)",
      "signal": "INCREMENTAL MARGIN (YoY)",
      "detail": "YoY Incr OPM: +31.4% vs year-ago OPM: +11.8%",
      "severity": "MEDIUM"
    },
    {
      "quarter": "2021-12 (Q4)",
      "signal": "INCREMENTAL MARGIN (YoY)",
      "detail": "YoY Incr OPM: +27.4% vs year-ago OPM: +5.2%",
      "severity": "HIGH"
    },
    {
      "quarter": "2021-09 (Q3)",
      "signal": "FCF MARGIN EXPANSION",
      "detail": "FCF margin: +20.7% -> +42.2% (+21.5%)",
      "severity": "MEDIUM"
    }
  ],
  "data_quality": {
    "n_quarters": 20,
    "coverage": {
      "revenue": [
        20,
        20
      ],
      "gross_profit": [
        13,
        20
      ],
      "op_income": [
        20,
        20
      ],
      "fcf": [
        20,
        20
      ]
    },
    "gaps": [],
    "warnings": [
      "gross_profit: 13/20Q"
    ]
  },
  "market_cap": null,
  "source": "SEC EDGAR",
  "last_updated": "2026-02-02T20:54:00.532501"
}