{
  "ticker": "TXO",
  "name": "TXO Partners, L.P.",
  "quarters": [
    {
      "date": "2022-03-31T00:00:00",
      "quarter_label": "2022-03 (Q1)",
      "revenue": -9538000,
      "gross_profit": null,
      "operating_income": -69791000,
      "net_income": -65583000,
      "opex": 60253000,
      "cogs": null,
      "rd": null,
      "sga": null,
      "fcf": 28665000,
      "ocf": 28665000,
      "capex": null,
      "gross_margin": null,
      "op_margin": 7.317152442860138,
      "fcf_margin": -3.0053470329209477
    },
    {
      "date": "2022-06-30T00:00:00",
      "quarter_label": "2022-06 (Q2)",
      "revenue": 92877000,
      "gross_profit": null,
      "operating_income": 20555000,
      "net_income": 24478000,
      "opex": 72322000,
      "cogs": null,
      "rd": null,
      "sga": null,
      "fcf": 39823000,
      "ocf": 39823000,
      "capex": null,
      "gross_margin": null,
      "op_margin": 0.22131421126866715,
      "fcf_margin": 0.4287713858113419,
      "fcf_margin_change": 3.4341184187322895
    },
    {
      "date": "2022-09-30T00:00:00",
      "quarter_label": "2022-09 (Q3)",
      "revenue": 120699000,
      "gross_profit": null,
      "operating_income": 50630000,
      "net_income": 55718000,
      "opex": 70069000,
      "cogs": null,
      "rd": null,
      "sga": null,
      "fcf": 35180000,
      "ocf": 35180000,
      "capex": null,
      "gross_margin": null,
      "op_margin": 0.4194732350723701,
      "fcf_margin": 0.29146886055393995,
      "op_leverage_ratio": Infinity,
      "fcf_margin_change": -0.13730252525740194
    },
    {
      "date": "2022-12-31T00:00:00",
      "quarter_label": "2022-12 (Q4)",
      "revenue": 42359000,
      "gross_profit": null,
      "operating_income": -27074000,
      "net_income": -22281000,
      "opex": 69433000,
      "cogs": null,
      "rd": null,
      "sga": null,
      "fcf": 32712000,
      "ocf": 32712000,
      "capex": null,
      "gross_margin": null,
      "op_margin": -0.639155787435964,
      "fcf_margin": 0.7722561911282136,
      "fcf_margin_change": 0.4807873305742737
    },
    {
      "date": "2023-03-31T00:00:00",
      "quarter_label": "2023-03 (Q1)",
      "revenue": 158399000,
      "gross_profit": null,
      "operating_income": 78827000,
      "net_income": 83809000,
      "opex": 79572000,
      "cogs": null,
      "rd": null,
      "sga": null,
      "fcf": 17149000,
      "ocf": 17149000,
      "capex": null,
      "gross_margin": null,
      "op_margin": 0.4976483437395438,
      "fcf_margin": 0.10826457237735086,
      "incr_op_margin_yoy": 0.8849628134359909,
      "op_leverage_ratio": 18.75999976073274,
      "fcf_margin_change": -0.6639916187508628
    },
    {
      "date": "2023-06-30T00:00:00",
      "quarter_label": "2023-06 (Q2)",
      "revenue": 60472000,
      "gross_profit": null,
      "operating_income": -8775000,
      "net_income": -2546000,
      "opex": 69247000,
      "cogs": null,
      "rd": null,
      "sga": null,
      "fcf": 18404000,
      "ocf": 18404000,
      "capex": null,
      "gross_margin": null,
      "op_margin": -0.14510847995766635,
      "fcf_margin": 0.30433919830665435,
      "incr_op_margin_yoy": 0.9051072365375714,
      "rev_growth_yoy": -0.34890231165950664,
      "fcf_margin_change": 0.19607462592930347
    },
    {
      "date": "2023-09-30T00:00:00",
      "quarter_label": "2023-09 (Q3)",
      "revenue": 69874000,
      "gross_profit": null,
      "operating_income": 4375000,
      "net_income": 8479000,
      "opex": 65499000,
      "cogs": null,
      "rd": null,
      "sga": null,
      "fcf": 24179000,
      "ocf": 24179000,
      "capex": null,
      "gross_margin": null,
      "op_margin": 0.06261270286515729,
      "fcf_margin": 0.3460371525889458,
      "incr_op_margin_yoy": 0.9100836202656173,
      "rev_growth_yoy": -0.4210888242653212,
      "rev_growth_yoy_accel": -0.07218651260581455,
      "op_leverage_ratio": Infinity,
      "fcf_margin_change": 0.04169795428229145
    },
    {
      "date": "2023-12-31T00:00:00",
      "quarter_label": "2023-12 (Q4)",
      "revenue": 91973000,
      "gross_profit": null,
      "operating_income": -198208000,
      "net_income": -193729000,
      "opex": 290181000,
      "cogs": null,
      "rd": null,
      "sga": null,
      "fcf": 17418000,
      "ocf": 17418000,
      "capex": null,
      "gross_margin": null,
      "op_margin": -2.1550672479966946,
      "fcf_margin": 0.18938166635860523,
      "incr_op_margin_yoy": -3.4493086628774137,
      "rev_growth_yoy": 1.1712741093982388,
      "rev_growth_yoy_accel": 1.59236293366356,
      "op_leverage_ratio": 0.09219840431980705,
      "fcf_margin_change": -0.15665548623034056
    },
    {
      "date": "2024-03-31T00:00:00",
      "quarter_label": "2024-03 (Q1)",
      "revenue": 67439000,
      "gross_profit": null,
      "operating_income": 2705000,
      "net_income": 10267000,
      "opex": 64734000,
      "cogs": null,
      "rd": null,
      "sga": null,
      "fcf": 25197000,
      "ocf": 25197000,
      "capex": null,
      "gross_margin": null,
      "op_margin": 0.040110321920550425,
      "fcf_margin": 0.37362653657379263,
      "incr_op_margin_yoy": 0.8368733509234828,
      "rev_growth_yoy": -0.574246049533141,
      "rev_growth_yoy_accel": -1.7455201589313798,
      "fcf_margin_change": 0.1842448702151874
    },
    {
      "date": "2024-06-30T00:00:00",
      "quarter_label": "2024-06 (Q2)",
      "revenue": 57308000,
      "gross_profit": null,
      "operating_income": -10107000,
      "net_income": 2808000,
      "opex": 67415000,
      "cogs": null,
      "rd": null,
      "sga": null,
      "fcf": 22885000,
      "ocf": 22885000,
      "capex": null,
      "gross_margin": null,
      "op_margin": -0.1763628114748377,
      "fcf_margin": 0.39933342639771063,
      "incr_op_margin_yoy": 0.42098609355246525,
      "rev_growth_yoy": -0.05232173567932266,
      "rev_growth_yoy_accel": 0.5219243138538183,
      "fcf_margin_change": 0.025706889823918
    },
    {
      "date": "2024-09-30T00:00:00",
      "quarter_label": "2024-09 (Q3)",
      "revenue": 68731000,
      "gross_profit": null,
      "operating_income": -4966000,
      "net_income": 203000,
      "opex": 73697000,
      "cogs": null,
      "rd": null,
      "sga": null,
      "fcf": 20710000,
      "ocf": 20710000,
      "capex": null,
      "gross_margin": null,
      "op_margin": -0.07225269529033479,
      "fcf_margin": 0.30131963742707074,
      "incr_op_margin_yoy": 8.172353455818023,
      "rev_growth_yoy": -0.016358015857114234,
      "rev_growth_yoy_accel": 0.03596371982220843,
      "op_leverage_ratio": 2.1390627818333448,
      "fcf_margin_change": -0.09801378897063989
    },
    {
      "date": "2024-12-31T00:00:00",
      "quarter_label": "2024-12 (Q4)",
      "revenue": 89332000,
      "gross_profit": null,
      "operating_income": 5507000,
      "net_income": 10218000,
      "opex": 83825000,
      "cogs": null,
      "rd": null,
      "sga": null,
      "fcf": 40507000,
      "ocf": 40507000,
      "capex": null,
      "gross_margin": null,
      "op_margin": 0.061646442484216184,
      "fcf_margin": 0.4534433349751489,
      "incr_op_margin_yoy": -77.13555471412344,
      "rev_growth_yoy": -0.028714948952409947,
      "rev_growth_yoy_accel": -0.012356933095295713,
      "op_leverage_ratio": 2.181030586065974,
      "fcf_margin_change": 0.15212369754807814
    },
    {
      "date": "2025-03-31T00:00:00",
      "quarter_label": "2025-03 (Q1)",
      "revenue": 84325000,
      "gross_profit": null,
      "operating_income": -3583000,
      "net_income": 2416000,
      "opex": 87908000,
      "cogs": null,
      "rd": null,
      "sga": null,
      "fcf": 30610000,
      "ocf": 30610000,
      "capex": null,
      "gross_margin": null,
      "op_margin": -0.04249036466053958,
      "fcf_margin": 0.3630002964719834,
      "incr_op_margin_yoy": -0.3723794859647045,
      "rev_growth_yoy": 0.25038924064710333,
      "rev_growth_yoy_accel": 0.2791041895995133,
      "fcf_margin_change": -0.09044303850316548
    },
    {
      "date": "2025-06-30T00:00:00",
      "quarter_label": "2025-06 (Q2)",
      "revenue": 89879000,
      "gross_profit": null,
      "operating_income": -3715000,
      "net_income": -135000,
      "opex": 93594000,
      "cogs": null,
      "rd": null,
      "sga": null,
      "fcf": 26854000,
      "ocf": 26854000,
      "capex": null,
      "gross_margin": null,
      "op_margin": -0.04133334816809266,
      "fcf_margin": 0.29877947017657075,
      "incr_op_margin_yoy": 0.19624819624819625,
      "rev_growth_yoy": 0.5683499685907727,
      "rev_growth_yoy_accel": 0.31796072794366936,
      "op_leverage_ratio": 1.0182890406831933,
      "fcf_margin_change": -0.06422082629541265
    },
    {
      "date": "2025-09-30T00:00:00",
      "quarter_label": "2025-09 (Q3)",
      "revenue": 100876000,
      "gross_profit": null,
      "operating_income": 3760000,
      "net_income": 4352000,
      "opex": 97116000,
      "cogs": null,
      "rd": null,
      "sga": null,
      "fcf": 28271000,
      "ocf": 28271000,
      "capex": null,
      "gross_margin": null,
      "op_margin": 0.03727348427772711,
      "fcf_margin": 0.2802549664935168,
      "incr_op_margin_yoy": 0.2714574583916628,
      "rev_growth_yoy": 0.4676928896713273,
      "rev_growth_yoy_accel": -0.10065707891944536,
      "op_leverage_ratio": 3.2514318085759553,
      "fcf_margin_change": -0.018524503683053972
    }
  ],
  "signals": [
    {
      "quarter": "2025-09 (Q3)",
      "signal": "OPERATING LEVERAGE",
      "detail": "Rev growth +12.2% vs OpEx growth +3.8% (leverage: 3.3x)",
      "severity": "MEDIUM"
    },
    {
      "quarter": "2025-09 (Q3)",
      "signal": "YoY REVENUE GROWTH DECELERATION",
      "detail": "YoY growth: +46.8% vs prior quarter YoY: +56.8% (decel: -10.1%)",
      "severity": "WARNING"
    },
    {
      "quarter": "2025-09 (Q3)",
      "signal": "OP MARGIN TURNED POSITIVE (YoY)",
      "detail": "Op margin: -7.2% (year-ago) -> +3.7%",
      "severity": "HIGH"
    },
    {
      "quarter": "2025-09 (Q3)",
      "signal": "OP MARGIN TURNED POSITIVE (QoQ)",
      "detail": "Op margin: -4.1% -> +3.7%",
      "severity": "HIGH"
    },
    {
      "quarter": "2025-06 (Q2)",
      "signal": "YoY REVENUE GROWTH ACCELERATION",
      "detail": "YoY growth: +56.8% vs prior quarter YoY: +25.0% (accel: +31.8%)",
      "severity": "HIGH"
    },
    {
      "quarter": "2025-03 (Q1)",
      "signal": "YoY REVENUE GROWTH ACCELERATION",
      "detail": "YoY growth: +25.0% vs prior quarter YoY: -2.9% (accel: +27.9%)",
      "severity": "HIGH"
    },
    {
      "quarter": "2024-12 (Q4)",
      "signal": "FCF MARGIN EXPANSION",
      "detail": "FCF margin: +30.1% -> +45.3% (+15.2%)",
      "severity": "MEDIUM"
    },
    {
      "quarter": "2024-12 (Q4)",
      "signal": "OPERATING LEVERAGE",
      "detail": "Rev growth +30.0% vs OpEx growth +13.7% (leverage: 2.2x)",
      "severity": "MEDIUM"
    },
    {
      "quarter": "2024-12 (Q4)",
      "signal": "OP MARGIN TURNED POSITIVE (YoY)",
      "detail": "Op margin: -215.5% (year-ago) -> +6.2%",
      "severity": "HIGH"
    },
    {
      "quarter": "2024-12 (Q4)",
      "signal": "OP MARGIN TURNED POSITIVE (QoQ)",
      "detail": "Op margin: -7.2% -> +6.2%",
      "severity": "HIGH"
    },
    {
      "quarter": "2024-09 (Q3)",
      "signal": "OPERATING LEVERAGE",
      "detail": "Rev growth +19.9% vs OpEx growth +9.3% (leverage: 2.1x)",
      "severity": "MEDIUM"
    },
    {
      "quarter": "2024-06 (Q2)",
      "signal": "YoY REVENUE GROWTH ACCELERATION",
      "detail": "YoY growth: -5.2% vs prior quarter YoY: -57.4% (accel: +52.2%)",
      "severity": "HIGH"
    },
    {
      "quarter": "2024-03 (Q1)",
      "signal": "FCF MARGIN EXPANSION",
      "detail": "FCF margin: +18.9% -> +37.4% (+18.4%)",
      "severity": "MEDIUM"
    },
    {
      "quarter": "2024-03 (Q1)",
      "signal": "YoY REVENUE GROWTH DECELERATION",
      "detail": "YoY growth: -57.4% vs prior quarter YoY: +117.1% (decel: -174.6%)",
      "severity": "WARNING"
    },
    {
      "quarter": "2024-03 (Q1)",
      "signal": "INCREMENTAL MARGIN (YoY)",
      "detail": "YoY Incr OPM: +83.7% vs year-ago OPM: +49.8%",
      "severity": "HIGH"
    },
    {
      "quarter": "2024-03 (Q1)",
      "signal": "OP MARGIN TURNED POSITIVE (QoQ)",
      "detail": "Op margin: -215.5% -> +4.0%",
      "severity": "HIGH"
    },
    {
      "quarter": "2023-12 (Q4)",
      "signal": "YoY REVENUE GROWTH ACCELERATION",
      "detail": "YoY growth: +117.1% vs prior quarter YoY: -42.1% (accel: +159.2%)",
      "severity": "HIGH"
    },
    {
      "quarter": "2023-09 (Q3)",
      "signal": "YoY REVENUE GROWTH DECELERATION",
      "detail": "YoY growth: -42.1% vs prior quarter YoY: -34.9% (decel: -7.2%)",
      "severity": "WARNING"
    },
    {
      "quarter": "2023-09 (Q3)",
      "signal": "INCREMENTAL MARGIN (YoY)",
      "detail": "YoY Incr OPM: +91.0% vs year-ago OPM: +41.9%",
      "severity": "HIGH"
    },
    {
      "quarter": "2023-09 (Q3)",
      "signal": "OP MARGIN TURNED POSITIVE (QoQ)",
      "detail": "Op margin: -14.5% -> +6.3%",
      "severity": "HIGH"
    },
    {
      "quarter": "2023-06 (Q2)",
      "signal": "FCF MARGIN EXPANSION",
      "detail": "FCF margin: +10.8% -> +30.4% (+19.6%)",
      "severity": "MEDIUM"
    },
    {
      "quarter": "2023-03 (Q1)",
      "signal": "OPERATING LEVERAGE",
      "detail": "Rev growth +273.9% vs OpEx growth +14.6% (leverage: 18.8x)",
      "severity": "MEDIUM"
    },
    {
      "quarter": "2023-03 (Q1)",
      "signal": "OP MARGIN TURNED POSITIVE (QoQ)",
      "detail": "Op margin: -63.9% -> +49.8%",
      "severity": "HIGH"
    },
    {
      "quarter": "2022-12 (Q4)",
      "signal": "FCF MARGIN EXPANSION",
      "detail": "FCF margin: +29.1% -> +77.2% (+48.1%)",
      "severity": "MEDIUM"
    },
    {
      "quarter": "2022-06 (Q2)",
      "signal": "FCF TURNED POSITIVE",
      "detail": "FCF margin: -300.5% -> +42.9%",
      "severity": "HIGH"
    }
  ],
  "data_quality": {
    "n_quarters": 15,
    "coverage": {
      "revenue": [
        15,
        15
      ],
      "gross_profit": [
        0,
        15
      ],
      "op_income": [
        15,
        15
      ],
      "fcf": [
        15,
        15
      ]
    },
    "gaps": [],
    "warnings": [
      "gross_profit: no data"
    ]
  },
  "market_cap": null,
  "source": "SEC EDGAR",
  "last_updated": "2026-02-02T22:16:22.190282"
}