{
  "ticker": "TXRH",
  "name": "Texas Roadhouse,\u00a0Inc.",
  "quarters": [
    {
      "date": "2020-12-29T00:00:00",
      "quarter_label": "2020-12 (Q4)",
      "revenue": 637989000,
      "gross_profit": null,
      "operating_income": 20396000,
      "net_income": 19549000,
      "opex": 617593000,
      "cogs": null,
      "rd": null,
      "sga": null,
      "fcf": 47523000,
      "ocf": 84403000,
      "capex": -36880000,
      "gross_margin": null,
      "op_margin": 0.031969203230776705,
      "fcf_margin": 0.07448874510375571
    },
    {
      "date": "2021-03-30T00:00:00",
      "quarter_label": "2021-03 (Q1)",
      "revenue": 800629000,
      "gross_profit": 153280000,
      "operating_income": 80927000,
      "net_income": 64150000,
      "opex": 719702000,
      "cogs": 647349000,
      "rd": null,
      "sga": null,
      "fcf": 139347000,
      "ocf": 178013000,
      "capex": -38666000,
      "gross_margin": 0.19144947285197014,
      "op_margin": 0.10107927641891563,
      "fcf_margin": 0.1740469056204559,
      "op_leverage_ratio": 1.5418868932860617,
      "fcf_margin_change": 0.0995581605167002
    },
    {
      "date": "2021-06-29T00:00:00",
      "quarter_label": "2021-06 (Q2)",
      "revenue": 898788000,
      "gross_profit": 164575000,
      "operating_income": 89728000,
      "net_income": 75480000,
      "opex": 809060000,
      "cogs": 734213000,
      "rd": null,
      "sga": null,
      "fcf": 72431000,
      "ocf": 118833000,
      "capex": -46402000,
      "gross_margin": 0.18310769614191555,
      "op_margin": 0.09983221849868934,
      "fcf_margin": 0.08058741327209532,
      "op_leverage_ratio": 0.9874567392510538,
      "fcf_margin_change": -0.0934594923483606
    },
    {
      "date": "2021-09-28T00:00:00",
      "quarter_label": "2021-09 (Q3)",
      "revenue": 868943000,
      "gross_profit": 141328000,
      "operating_income": 61698000,
      "net_income": 52606000,
      "opex": 807245000,
      "cogs": 727615000,
      "rd": null,
      "sga": null,
      "fcf": -2069000,
      "ocf": 51863000,
      "capex": -53932000,
      "gross_margin": 0.16264357961339238,
      "op_margin": 0.07100350655911837,
      "fcf_margin": -0.002381053763020129,
      "fcf_margin_change": -0.08296846703511544
    },
    {
      "date": "2021-12-28T00:00:00",
      "quarter_label": "2021-12 (Q4)",
      "revenue": 895586000,
      "gross_profit": 147319000,
      "operating_income": 64839000,
      "net_income": 53058000,
      "opex": 830747000,
      "cogs": 748267000,
      "rd": null,
      "sga": null,
      "fcf": 58426000,
      "ocf": 120117000,
      "capex": -61691000,
      "gross_margin": 0.1644945320717385,
      "op_margin": 0.07239840729980147,
      "fcf_margin": 0.06523773261306005,
      "incr_op_margin_yoy": 0.17252918318148114,
      "rev_growth_yoy": 0.40376401474006607,
      "op_leverage_ratio": 1.0531552027378697,
      "fcf_margin_change": 0.06761878637608018
    },
    {
      "date": "2022-03-29T00:00:00",
      "quarter_label": "2022-03 (Q1)",
      "revenue": 987486000,
      "gross_profit": 167697000,
      "operating_income": 90138000,
      "net_income": 75202000,
      "opex": 897348000,
      "cogs": 819789000,
      "rd": null,
      "sga": null,
      "fcf": 138740000,
      "ocf": 187769000,
      "capex": -49029000,
      "gross_margin": 0.16982215444067056,
      "op_margin": 0.09128028144196475,
      "fcf_margin": 0.14049819440478142,
      "incr_op_margin_yoy": 0.04929438019448027,
      "rev_growth_yoy": 0.23338774888244118,
      "rev_growth_yoy_accel": -0.1703762658576249,
      "op_leverage_ratio": 1.2799595556995877,
      "fcf_margin_change": 0.07526046179172137
    },
    {
      "date": "2022-06-28T00:00:00",
      "quarter_label": "2022-06 (Q2)",
      "revenue": 1024606000,
      "gross_profit": 175285000,
      "operating_income": 85918000,
      "net_income": 72419000,
      "opex": 938688000,
      "cogs": 849321000,
      "rd": null,
      "sga": null,
      "fcf": 51396000,
      "ocf": 110934000,
      "capex": -59538000,
      "gross_margin": 0.17107551585682693,
      "op_margin": 0.08385467194219046,
      "fcf_margin": 0.050161720700444855,
      "incr_op_margin_yoy": -0.030281835667392582,
      "rev_growth_yoy": 0.1399862926518823,
      "rev_growth_yoy_accel": -0.09340145623055887,
      "op_leverage_ratio": 0.815957328323035,
      "fcf_margin_change": -0.09033647370433656
    },
    {
      "date": "2022-09-27T00:00:00",
      "quarter_label": "2022-09 (Q3)",
      "revenue": 993298000,
      "gross_profit": 158308000,
      "operating_income": 75288000,
      "net_income": 62328000,
      "opex": 918010000,
      "cogs": 834990000,
      "rd": null,
      "sga": null,
      "fcf": 30726000,
      "ocf": 96354000,
      "capex": -65628000,
      "gross_margin": 0.15937613888279248,
      "op_margin": 0.07579598468938828,
      "fcf_margin": 0.030933315077650413,
      "incr_op_margin_yoy": 0.10928390494953963,
      "rev_growth_yoy": 0.1431106528276308,
      "rev_growth_yoy_accel": 0.003124360175748492,
      "fcf_margin_change": -0.01922840562279444
    },
    {
      "date": "2022-12-27T00:00:00",
      "quarter_label": "2022-12 (Q4)",
      "revenue": 1009529000,
      "gross_profit": 152339000,
      "operating_income": 68853000,
      "net_income": 59869000,
      "opex": 940676000,
      "cogs": 857190000,
      "rd": null,
      "sga": null,
      "fcf": 44741000,
      "ocf": 116668000,
      "capex": -71927000,
      "gross_margin": 0.15090106376339857,
      "op_margin": 0.06820309272938173,
      "fcf_margin": 0.044318687229391134,
      "incr_op_margin_yoy": 0.035228140385982466,
      "rev_growth_yoy": 0.12722731261989356,
      "rev_growth_yoy_accel": -0.01588334020773724,
      "op_leverage_ratio": 0.6618174963604755,
      "fcf_margin_change": 0.01338537215174072
    },
    {
      "date": "2023-03-28T00:00:00",
      "quarter_label": "2023-03 (Q1)",
      "revenue": 1174356000,
      "gross_profit": 192469000,
      "operating_income": 100945000,
      "net_income": 86387000,
      "opex": 1073411000,
      "cogs": 981887000,
      "rd": null,
      "sga": null,
      "fcf": 122248000,
      "ocf": 188981000,
      "capex": -66733000,
      "gross_margin": 0.16389323169464795,
      "op_margin": 0.08595775046067802,
      "fcf_margin": 0.10409790557548138,
      "incr_op_margin_yoy": 0.05783164766950286,
      "rev_growth_yoy": 0.1892381259076078,
      "rev_growth_yoy_accel": 0.06201081328771424,
      "op_leverage_ratio": 1.1570820720585693,
      "fcf_margin_change": 0.05977921834609024
    },
    {
      "date": "2023-06-27T00:00:00",
      "quarter_label": "2023-06 (Q2)",
      "revenue": 1171203000,
      "gross_profit": 189574000,
      "operating_income": 95412000,
      "net_income": 82271000,
      "opex": 1075791000,
      "cogs": 981629000,
      "rd": null,
      "sga": null,
      "fcf": 11405000,
      "ocf": 99252000,
      "capex": -87847000,
      "gross_margin": 0.1618626318409362,
      "op_margin": 0.08146495526394655,
      "fcf_margin": 0.009737850739794895,
      "incr_op_margin_yoy": 0.06476258040751175,
      "rev_growth_yoy": 0.1430764606102248,
      "rev_growth_yoy_accel": -0.046161665297383,
      "fcf_margin_change": -0.09436005483568648
    },
    {
      "date": "2023-09-26T00:00:00",
      "quarter_label": "2023-09 (Q3)",
      "revenue": 1121752000,
      "gross_profit": 169352000,
      "operating_income": 73859000,
      "net_income": null,
      "opex": 1047893000,
      "cogs": 952400000,
      "rd": null,
      "sga": null,
      "fcf": 13191000,
      "ocf": 102506000,
      "capex": -89315000,
      "gross_margin": 0.1509709811081237,
      "op_margin": 0.06584253917086842,
      "fcf_margin": 0.011759283691939038,
      "incr_op_margin_yoy": -0.011124604916935244,
      "rev_growth_yoy": 0.12932070738086657,
      "rev_growth_yoy_accel": -0.013755753229358236,
      "fcf_margin_change": 0.002021432952144143
    },
    {
      "date": "2023-12-26T00:00:00",
      "quarter_label": "2023-12 (Q4)",
      "revenue": 1164361000,
      "gross_profit": 183687000,
      "operating_income": 83773000,
      "net_income": null,
      "opex": 1080588000,
      "cogs": 980674000,
      "rd": null,
      "sga": null,
      "fcf": 71106000,
      "ocf": 174245000,
      "capex": -103139000,
      "gross_margin": 0.15775777443593525,
      "op_margin": 0.07194761762030848,
      "fcf_margin": 0.06106868917801266,
      "incr_op_margin_yoy": 0.0963625090420585,
      "rev_growth_yoy": 0.1533705321986788,
      "rev_growth_yoy_accel": 0.024049824817812232,
      "op_leverage_ratio": 1.2174190319152307,
      "fcf_margin_change": 0.049309405486073626
    },
    {
      "date": "2024-03-26T00:00:00",
      "quarter_label": "2024-03 (Q1)",
      "revenue": 1321217000,
      "gross_profit": 235512000,
      "operating_income": 133128000,
      "net_income": null,
      "opex": 1188089000,
      "cogs": 1085705000,
      "rd": null,
      "sga": null,
      "fcf": 165767000,
      "ocf": 243439000,
      "capex": -77672000,
      "gross_margin": 0.1782538371819315,
      "op_margin": 0.10076164627006767,
      "fcf_margin": 0.12546538532277438,
      "incr_op_margin_yoy": 0.21913918603305166,
      "rev_growth_yoy": 0.12505662678097612,
      "rev_growth_yoy_accel": -0.02831390541770268,
      "op_leverage_ratio": 1.3541323754248695,
      "fcf_margin_change": 0.0643966961447617
    },
    {
      "date": "2024-06-25T00:00:00",
      "quarter_label": "2024-06 (Q2)",
      "revenue": 1341202000,
      "gross_profit": 250171000,
      "operating_income": 142816000,
      "net_income": null,
      "opex": 1198386000,
      "cogs": 1091031000,
      "rd": null,
      "sga": null,
      "fcf": 56102000,
      "ocf": 133908000,
      "capex": -77806000,
      "gross_margin": 0.18652745820540081,
      "op_margin": 0.1064835871106664,
      "fcf_margin": 0.04182964236557953,
      "incr_op_margin_yoy": 0.27884869910999477,
      "rev_growth_yoy": 0.14514904760319092,
      "rev_growth_yoy_accel": 0.020092420822214796,
      "op_leverage_ratio": 1.7452926579870542,
      "fcf_margin_change": -0.08363574295719484
    },
    {
      "date": "2024-09-24T00:00:00",
      "quarter_label": "2024-09 (Q3)",
      "revenue": 1272999000,
      "gross_profit": 209790000,
      "operating_income": 102023000,
      "net_income": null,
      "opex": 1170976000,
      "cogs": 1063209000,
      "rd": null,
      "sga": null,
      "fcf": 47681000,
      "ocf": 138742000,
      "capex": -91061000,
      "gross_margin": 0.16479981523944637,
      "op_margin": 0.08014381786631411,
      "fcf_margin": 0.03745564607670548,
      "incr_op_margin_yoy": 0.18621195792313236,
      "rev_growth_yoy": 0.13483105000035658,
      "rev_growth_yoy_accel": -0.010317997602834333,
      "fcf_margin_change": -0.004373996288874055
    },
    {
      "date": "2024-12-31T00:00:00",
      "quarter_label": "2024-12 (Q4)",
      "revenue": 1437914000,
      "gross_profit": null,
      "operating_income": 138552000,
      "net_income": null,
      "opex": 1299362000,
      "cogs": null,
      "rd": null,
      "sga": null,
      "fcf": 129738000,
      "ocf": 237540000,
      "capex": -107802000,
      "gross_margin": null,
      "op_margin": 0.09635624940017275,
      "fcf_margin": 0.09022653649661941,
      "incr_op_margin_yoy": 0.2002500429532851,
      "rev_growth_yoy": 0.23493830521633755,
      "rev_growth_yoy_accel": 0.10010725521598096,
      "op_leverage_ratio": 1.181578071414148,
      "fcf_margin_change": 0.05277089041991393
    },
    {
      "date": "2025-04-01T00:00:00",
      "quarter_label": "2025-04 (Q2)",
      "revenue": 1447648000,
      "gross_profit": null,
      "operating_income": 134733000,
      "net_income": null,
      "opex": 1312915000,
      "cogs": null,
      "rd": null,
      "sga": null,
      "fcf": 160351000,
      "ocf": 237740000,
      "capex": -77389000,
      "gross_margin": null,
      "op_margin": 0.0930702767523597,
      "fcf_margin": 0.11076656756338557,
      "incr_op_margin_yoy": 0.012694671401792281,
      "rev_growth_yoy": 0.09569283471223879,
      "rev_growth_yoy_accel": -0.13924547050409875,
      "fcf_margin_change": 0.020540031066766162
    },
    {
      "date": "2025-07-01T00:00:00",
      "quarter_label": "2025-07 (Q3)",
      "revenue": 1512054000,
      "gross_profit": null,
      "operating_income": 146341000,
      "net_income": null,
      "opex": 1365713000,
      "cogs": null,
      "rd": null,
      "sga": null,
      "fcf": 35717000,
      "ocf": 128240000,
      "capex": -92523000,
      "gross_margin": null,
      "op_margin": 0.09678291912854964,
      "fcf_margin": 0.023621510871966213,
      "incr_op_margin_yoy": 0.02063189192985742,
      "rev_growth_yoy": 0.12738722429581822,
      "rev_growth_yoy_accel": 0.03169438958357944,
      "op_leverage_ratio": 1.106324401596415,
      "fcf_margin_change": -0.08714505669141936
    },
    {
      "date": "2025-09-30T00:00:00",
      "quarter_label": "2025-09 (Q3)",
      "revenue": 1436342000,
      "gross_profit": null,
      "operating_income": 96949000,
      "net_income": null,
      "opex": 1339393000,
      "cogs": null,
      "rd": null,
      "sga": null,
      "fcf": 14726000,
      "ocf": 143622000,
      "capex": -128896000,
      "gross_margin": null,
      "op_margin": 0.06749715596981777,
      "fcf_margin": 0.010252432916394563,
      "incr_op_margin_yoy": -0.031063467672321435,
      "rev_growth_yoy": 0.12831353363199813,
      "rev_growth_yoy_accel": 0.0009263093361799035,
      "fcf_margin_change": -0.01336907795557165
    }
  ],
  "signals": [
    {
      "quarter": "2025-04 (Q2)",
      "signal": "YoY REVENUE GROWTH DECELERATION",
      "detail": "YoY growth: +9.6% vs prior quarter YoY: +23.5% (decel: -13.9%)",
      "severity": "WARNING"
    },
    {
      "quarter": "2024-12 (Q4)",
      "signal": "FCF MARGIN EXPANSION",
      "detail": "FCF margin: +3.7% -> +9.0% (+5.3%)",
      "severity": "MEDIUM"
    },
    {
      "quarter": "2024-12 (Q4)",
      "signal": "YoY REVENUE GROWTH ACCELERATION",
      "detail": "YoY growth: +23.5% vs prior quarter YoY: +13.5% (accel: +10.0%)",
      "severity": "MEDIUM"
    },
    {
      "quarter": "2024-12 (Q4)",
      "signal": "INCREMENTAL MARGIN (YoY)",
      "detail": "YoY Incr OPM: +20.0% vs year-ago OPM: +7.2%",
      "severity": "MEDIUM"
    },
    {
      "quarter": "2024-09 (Q3)",
      "signal": "INCREMENTAL MARGIN (YoY)",
      "detail": "YoY Incr OPM: +18.6% vs year-ago OPM: +6.6%",
      "severity": "MEDIUM"
    },
    {
      "quarter": "2024-06 (Q2)",
      "signal": "OPERATING LEVERAGE",
      "detail": "Rev growth +1.5% vs OpEx growth +0.9% (leverage: 1.7x)",
      "severity": "MEDIUM"
    },
    {
      "quarter": "2024-06 (Q2)",
      "signal": "INCREMENTAL MARGIN (YoY)",
      "detail": "YoY Incr OPM: +27.9% vs year-ago OPM: +8.1%",
      "severity": "MEDIUM"
    },
    {
      "quarter": "2024-03 (Q1)",
      "signal": "FCF MARGIN EXPANSION",
      "detail": "FCF margin: +6.1% -> +12.5% (+6.4%)",
      "severity": "MEDIUM"
    },
    {
      "quarter": "2024-03 (Q1)",
      "signal": "INCREMENTAL MARGIN (YoY)",
      "detail": "YoY Incr OPM: +21.9% vs year-ago OPM: +8.6%",
      "severity": "MEDIUM"
    },
    {
      "quarter": "2023-03 (Q1)",
      "signal": "FCF MARGIN EXPANSION",
      "detail": "FCF margin: +4.4% -> +10.4% (+6.0%)",
      "severity": "MEDIUM"
    },
    {
      "quarter": "2023-03 (Q1)",
      "signal": "YoY REVENUE GROWTH ACCELERATION",
      "detail": "YoY growth: +18.9% vs prior quarter YoY: +12.7% (accel: +6.2%)",
      "severity": "MEDIUM"
    },
    {
      "quarter": "2022-06 (Q2)",
      "signal": "YoY REVENUE GROWTH DECELERATION",
      "detail": "YoY growth: +14.0% vs prior quarter YoY: +23.3% (decel: -9.3%)",
      "severity": "WARNING"
    },
    {
      "quarter": "2022-03 (Q1)",
      "signal": "FCF MARGIN EXPANSION",
      "detail": "FCF margin: +6.5% -> +14.0% (+7.5%)",
      "severity": "MEDIUM"
    },
    {
      "quarter": "2022-03 (Q1)",
      "signal": "YoY REVENUE GROWTH DECELERATION",
      "detail": "YoY growth: +23.3% vs prior quarter YoY: +40.4% (decel: -17.0%)",
      "severity": "WARNING"
    },
    {
      "quarter": "2021-12 (Q4)",
      "signal": "FCF TURNED POSITIVE",
      "detail": "FCF margin: -0.2% -> +6.5%",
      "severity": "HIGH"
    },
    {
      "quarter": "2021-12 (Q4)",
      "signal": "INCREMENTAL MARGIN (YoY)",
      "detail": "YoY Incr OPM: +17.3% vs year-ago OPM: +3.2%",
      "severity": "MEDIUM"
    },
    {
      "quarter": "2021-03 (Q1)",
      "signal": "FCF MARGIN EXPANSION",
      "detail": "FCF margin: +7.4% -> +17.4% (+10.0%)",
      "severity": "MEDIUM"
    },
    {
      "quarter": "2021-03 (Q1)",
      "signal": "OPERATING LEVERAGE",
      "detail": "Rev growth +25.5% vs OpEx growth +16.5% (leverage: 1.5x)",
      "severity": "MEDIUM"
    }
  ],
  "data_quality": {
    "n_quarters": 20,
    "coverage": {
      "revenue": [
        20,
        20
      ],
      "gross_profit": [
        15,
        20
      ],
      "op_income": [
        20,
        20
      ],
      "fcf": [
        20,
        20
      ]
    },
    "gaps": [],
    "warnings": [
      "gross_profit: 15/20Q"
    ]
  },
  "market_cap": null,
  "source": "SEC EDGAR",
  "last_updated": "2026-02-02T20:32:32.017239"
}