{
  "ticker": "TXT",
  "name": "TEXTRON INC.",
  "quarters": [
    {
      "date": "2021-01-02T00:00:00",
      "quarter_label": "2021-01 (Q1)",
      "revenue": 3667000000,
      "gross_profit": 543000000,
      "operating_income": null,
      "net_income": 236000000,
      "opex": null,
      "cogs": 3124000000,
      "rd": null,
      "sga": 285000000,
      "fcf": 569000000,
      "ocf": 569000000,
      "capex": null,
      "gross_margin": 0.14807744750477228,
      "op_margin": null,
      "fcf_margin": 0.15516771202617943
    },
    {
      "date": "2021-04-03T00:00:00",
      "quarter_label": "2021-04 (Q2)",
      "revenue": 2879000000,
      "gross_profit": 479000000,
      "operating_income": null,
      "net_income": 171000000,
      "opex": null,
      "cogs": 2400000000,
      "rd": null,
      "sga": 298000000,
      "fcf": 181000000,
      "ocf": 181000000,
      "capex": null,
      "gross_margin": 0.1663772143105245,
      "op_margin": null,
      "fcf_margin": 0.06286905175408128,
      "fcf_margin_change": -0.09229866027209815
    },
    {
      "date": "2021-07-03T00:00:00",
      "quarter_label": "2021-07 (Q3)",
      "revenue": 3191000000,
      "gross_profit": 531000000,
      "operating_income": null,
      "net_income": 183000000,
      "opex": null,
      "cogs": 2660000000,
      "rd": null,
      "sga": 314000000,
      "fcf": 591000000,
      "ocf": 591000000,
      "capex": null,
      "gross_margin": 0.16640551551237856,
      "op_margin": null,
      "fcf_margin": 0.1852083986211219,
      "fcf_margin_change": 0.12233934686704062
    },
    {
      "date": "2021-10-02T00:00:00",
      "quarter_label": "2021-10 (Q4)",
      "revenue": 2990000000,
      "gross_profit": 504000000,
      "operating_income": null,
      "net_income": 185000000,
      "opex": null,
      "cogs": 2486000000,
      "rd": null,
      "sga": 283000000,
      "fcf": 401000000,
      "ocf": 401000000,
      "capex": null,
      "gross_margin": 0.16856187290969898,
      "op_margin": null,
      "fcf_margin": 0.13411371237458194,
      "fcf_margin_change": -0.051094686246539955
    },
    {
      "date": "2022-01-01T00:00:00",
      "quarter_label": "2022-01 (Q1)",
      "revenue": 3322000000,
      "gross_profit": null,
      "operating_income": null,
      "net_income": 207000000,
      "opex": null,
      "cogs": null,
      "rd": null,
      "sga": 326000000,
      "fcf": 425000000,
      "ocf": 425000000,
      "capex": null,
      "gross_margin": null,
      "op_margin": null,
      "fcf_margin": 0.12793497892835642,
      "rev_growth_yoy": -0.09408235614944097,
      "fcf_margin_change": -0.0061787334462255206
    },
    {
      "date": "2022-04-02T00:00:00",
      "quarter_label": "2022-04 (Q2)",
      "revenue": 3001000000,
      "gross_profit": null,
      "operating_income": null,
      "net_income": 193000000,
      "opex": null,
      "cogs": null,
      "rd": null,
      "sga": 305000000,
      "fcf": 241000000,
      "ocf": 241000000,
      "capex": null,
      "gross_margin": null,
      "op_margin": null,
      "fcf_margin": 0.08030656447850716,
      "rev_growth_yoy": 0.042375824939215004,
      "rev_growth_yoy_accel": 0.13645818108865598,
      "fcf_margin_change": -0.04762841444984926
    },
    {
      "date": "2022-07-02T00:00:00",
      "quarter_label": "2022-07 (Q3)",
      "revenue": 3154000000,
      "gross_profit": null,
      "operating_income": null,
      "net_income": 217000000,
      "opex": null,
      "cogs": null,
      "rd": null,
      "sga": 278000000,
      "fcf": 372000000,
      "ocf": 372000000,
      "capex": null,
      "gross_margin": null,
      "op_margin": null,
      "fcf_margin": 0.11794546607482562,
      "rev_growth_yoy": -0.011595111250391726,
      "rev_growth_yoy_accel": -0.05397093618960673,
      "fcf_margin_change": 0.037638901596318455
    },
    {
      "date": "2022-10-01T00:00:00",
      "quarter_label": "2022-10 (Q4)",
      "revenue": 3078000000,
      "gross_profit": null,
      "operating_income": null,
      "net_income": 225000000,
      "opex": null,
      "cogs": null,
      "rd": null,
      "sga": 258000000,
      "fcf": 348000000,
      "ocf": 348000000,
      "capex": null,
      "gross_margin": null,
      "op_margin": null,
      "fcf_margin": 0.11306042884990253,
      "rev_growth_yoy": 0.0294314381270903,
      "rev_growth_yoy_accel": 0.04102654937748203,
      "fcf_margin_change": -0.004885037224923089
    },
    {
      "date": "2022-12-31T00:00:00",
      "quarter_label": "2022-12 (Q4)",
      "revenue": 3636000000,
      "gross_profit": null,
      "operating_income": null,
      "net_income": 226000000,
      "opex": null,
      "cogs": null,
      "rd": null,
      "sga": 345000000,
      "fcf": 527000000,
      "ocf": 527000000,
      "capex": null,
      "gross_margin": null,
      "op_margin": null,
      "fcf_margin": 0.14493949394939493,
      "rev_growth_yoy": 0.09452137266706803,
      "rev_growth_yoy_accel": 0.06508993453997773,
      "fcf_margin_change": 0.0318790650994924
    },
    {
      "date": "2023-04-01T00:00:00",
      "quarter_label": "2023-04 (Q2)",
      "revenue": 3024000000,
      "gross_profit": null,
      "operating_income": null,
      "net_income": 191000000,
      "opex": null,
      "cogs": null,
      "rd": null,
      "sga": 305000000,
      "fcf": 163000000,
      "ocf": 163000000,
      "capex": null,
      "gross_margin": null,
      "op_margin": null,
      "fcf_margin": 0.0539021164021164,
      "rev_growth_yoy": 0.007664111962679107,
      "rev_growth_yoy_accel": -0.08685726070438893,
      "fcf_margin_change": -0.09103737754727853
    },
    {
      "date": "2023-07-01T00:00:00",
      "quarter_label": "2023-07 (Q3)",
      "revenue": 3424000000,
      "gross_profit": null,
      "operating_income": null,
      "net_income": 263000000,
      "opex": null,
      "cogs": null,
      "rd": null,
      "sga": 289000000,
      "fcf": 296000000,
      "ocf": 296000000,
      "capex": null,
      "gross_margin": null,
      "op_margin": null,
      "fcf_margin": 0.08644859813084112,
      "rev_growth_yoy": 0.08560558021559923,
      "rev_growth_yoy_accel": 0.07794146825292013,
      "fcf_margin_change": 0.032546481728724715
    },
    {
      "date": "2023-09-30T00:00:00",
      "quarter_label": "2023-09 (Q3)",
      "revenue": 3343000000,
      "gross_profit": null,
      "operating_income": null,
      "net_income": 269000000,
      "opex": null,
      "cogs": null,
      "rd": null,
      "sga": 303000000,
      "fcf": 258000000,
      "ocf": 258000000,
      "capex": null,
      "gross_margin": null,
      "op_margin": null,
      "fcf_margin": 0.07717618905174993,
      "rev_growth_yoy": 0.08609486679662118,
      "rev_growth_yoy_accel": 0.0004892865810219443,
      "fcf_margin_change": -0.009272409079091187
    },
    {
      "date": "2023-12-30T00:00:00",
      "quarter_label": "2023-12 (Q4)",
      "revenue": 3892000000,
      "gross_profit": null,
      "operating_income": null,
      "net_income": 198000000,
      "opex": null,
      "cogs": null,
      "rd": null,
      "sga": 328000000,
      "fcf": 549000000,
      "ocf": 549000000,
      "capex": null,
      "gross_margin": null,
      "op_margin": null,
      "fcf_margin": 0.14105858170606372,
      "rev_growth_yoy": 0.0704070407040704,
      "rev_growth_yoy_accel": -0.015687826092550775,
      "fcf_margin_change": 0.0638823926543138
    },
    {
      "date": "2024-03-30T00:00:00",
      "quarter_label": "2024-03 (Q1)",
      "revenue": 3135000000,
      "gross_profit": null,
      "operating_income": null,
      "net_income": 201000000,
      "opex": null,
      "cogs": null,
      "rd": 144000000,
      "sga": 316000000,
      "fcf": -7000000,
      "ocf": -7000000,
      "capex": null,
      "gross_margin": null,
      "op_margin": null,
      "fcf_margin": -0.0022328548644338117,
      "rev_growth_yoy": 0.03670634920634921,
      "rev_growth_yoy_accel": -0.033700691497721195,
      "fcf_margin_change": -0.14329143657049753
    },
    {
      "date": "2024-06-29T00:00:00",
      "quarter_label": "2024-06 (Q2)",
      "revenue": 3527000000,
      "gross_profit": null,
      "operating_income": null,
      "net_income": 259000000,
      "opex": null,
      "cogs": null,
      "rd": 105000000,
      "sga": 293000000,
      "fcf": 367000000,
      "ocf": 367000000,
      "capex": null,
      "gross_margin": null,
      "op_margin": null,
      "fcf_margin": 0.10405443719875249,
      "rev_growth_yoy": 0.03008177570093458,
      "rev_growth_yoy_accel": -0.0066245735054146285,
      "fcf_margin_change": 0.1062872920631863
    },
    {
      "date": "2024-09-28T00:00:00",
      "quarter_label": "2024-09 (Q3)",
      "revenue": 3427000000,
      "gross_profit": null,
      "operating_income": null,
      "net_income": 223000000,
      "opex": null,
      "cogs": null,
      "rd": 126000000,
      "sga": 282000000,
      "fcf": 208000000,
      "ocf": 208000000,
      "capex": null,
      "gross_margin": null,
      "op_margin": null,
      "fcf_margin": 0.06069448497227896,
      "rev_growth_yoy": 0.025127131319174396,
      "rev_growth_yoy_accel": -0.004954644381760184,
      "fcf_margin_change": -0.04335995222647353
    },
    {
      "date": "2024-12-28T00:00:00",
      "quarter_label": "2024-12 (Q4)",
      "revenue": 3613000000,
      "gross_profit": null,
      "operating_income": null,
      "net_income": 141000000,
      "opex": null,
      "cogs": null,
      "rd": 116000000,
      "sga": 265000000,
      "fcf": 446000000,
      "ocf": 446000000,
      "capex": null,
      "gross_margin": null,
      "op_margin": null,
      "fcf_margin": 0.12344312205923055,
      "rev_growth_yoy": -0.07168550873586844,
      "rev_growth_yoy_accel": -0.09681264005504284,
      "fcf_margin_change": 0.0627486370869516
    },
    {
      "date": "2025-03-29T00:00:00",
      "quarter_label": "2025-03 (Q1)",
      "revenue": 3306000000,
      "gross_profit": null,
      "operating_income": null,
      "net_income": 207000000,
      "opex": null,
      "cogs": null,
      "rd": 132000000,
      "sga": 298000000,
      "fcf": -124000000,
      "ocf": -124000000,
      "capex": null,
      "gross_margin": null,
      "op_margin": null,
      "fcf_margin": -0.03750756200846945,
      "rev_growth_yoy": 0.05454545454545454,
      "rev_growth_yoy_accel": 0.126230963281323,
      "fcf_margin_change": -0.1609506840677
    },
    {
      "date": "2025-06-28T00:00:00",
      "quarter_label": "2025-06 (Q2)",
      "revenue": 3716000000,
      "gross_profit": null,
      "operating_income": null,
      "net_income": 245000000,
      "opex": null,
      "cogs": null,
      "rd": 137000000,
      "sga": 303000000,
      "fcf": 387000000,
      "ocf": 387000000,
      "capex": null,
      "gross_margin": null,
      "op_margin": null,
      "fcf_margin": 0.10414424111948331,
      "rev_growth_yoy": 0.05358661752197335,
      "rev_growth_yoy_accel": -0.0009588370234811933,
      "fcf_margin_change": 0.14165180312795275
    },
    {
      "date": "2025-09-27T00:00:00",
      "quarter_label": "2025-09 (Q3)",
      "revenue": 3602000000,
      "gross_profit": null,
      "operating_income": null,
      "net_income": 234000000,
      "opex": null,
      "cogs": null,
      "rd": 118000000,
      "sga": 257000000,
      "fcf": 349000000,
      "ocf": 349000000,
      "capex": null,
      "gross_margin": null,
      "op_margin": null,
      "fcf_margin": 0.0968906163242643,
      "rev_growth_yoy": 0.05106507149110009,
      "rev_growth_yoy_accel": -0.002521546030873262,
      "fcf_margin_change": -0.007253624795219016
    }
  ],
  "signals": [
    {
      "quarter": "2025-06 (Q2)",
      "signal": "FCF TURNED POSITIVE",
      "detail": "FCF margin: -3.8% -> +10.4%",
      "severity": "HIGH"
    },
    {
      "quarter": "2025-03 (Q1)",
      "signal": "YoY REVENUE GROWTH ACCELERATION",
      "detail": "YoY growth: +5.5% vs prior quarter YoY: -7.2% (accel: +12.6%)",
      "severity": "MEDIUM"
    },
    {
      "quarter": "2024-12 (Q4)",
      "signal": "FCF MARGIN EXPANSION",
      "detail": "FCF margin: +6.1% -> +12.3% (+6.3%)",
      "severity": "MEDIUM"
    },
    {
      "quarter": "2024-12 (Q4)",
      "signal": "YoY REVENUE GROWTH DECELERATION",
      "detail": "YoY growth: -7.2% vs prior quarter YoY: +2.5% (decel: -9.7%)",
      "severity": "WARNING"
    },
    {
      "quarter": "2024-06 (Q2)",
      "signal": "FCF TURNED POSITIVE",
      "detail": "FCF margin: -0.2% -> +10.4%",
      "severity": "HIGH"
    },
    {
      "quarter": "2023-12 (Q4)",
      "signal": "FCF MARGIN EXPANSION",
      "detail": "FCF margin: +7.7% -> +14.1% (+6.4%)",
      "severity": "MEDIUM"
    },
    {
      "quarter": "2023-07 (Q3)",
      "signal": "YoY REVENUE GROWTH ACCELERATION",
      "detail": "YoY growth: +8.6% vs prior quarter YoY: +0.8% (accel: +7.8%)",
      "severity": "MEDIUM"
    },
    {
      "quarter": "2023-04 (Q2)",
      "signal": "YoY REVENUE GROWTH DECELERATION",
      "detail": "YoY growth: +0.8% vs prior quarter YoY: +9.5% (decel: -8.7%)",
      "severity": "WARNING"
    },
    {
      "quarter": "2022-12 (Q4)",
      "signal": "YoY REVENUE GROWTH ACCELERATION",
      "detail": "YoY growth: +9.5% vs prior quarter YoY: +2.9% (accel: +6.5%)",
      "severity": "MEDIUM"
    },
    {
      "quarter": "2022-07 (Q3)",
      "signal": "YoY REVENUE GROWTH DECELERATION",
      "detail": "YoY growth: -1.2% vs prior quarter YoY: +4.2% (decel: -5.4%)",
      "severity": "WARNING"
    },
    {
      "quarter": "2022-04 (Q2)",
      "signal": "YoY REVENUE GROWTH ACCELERATION",
      "detail": "YoY growth: +4.2% vs prior quarter YoY: -9.4% (accel: +13.6%)",
      "severity": "MEDIUM"
    },
    {
      "quarter": "2021-07 (Q3)",
      "signal": "FCF MARGIN EXPANSION",
      "detail": "FCF margin: +6.3% -> +18.5% (+12.2%)",
      "severity": "MEDIUM"
    }
  ],
  "data_quality": {
    "n_quarters": 20,
    "coverage": {
      "revenue": [
        20,
        20
      ],
      "gross_profit": [
        4,
        20
      ],
      "op_income": [
        0,
        20
      ],
      "fcf": [
        20,
        20
      ]
    },
    "gaps": [],
    "warnings": [
      "gross_profit: 4/20Q",
      "op_income: no data"
    ]
  },
  "market_cap": null,
  "source": "SEC EDGAR",
  "last_updated": "2026-02-02T20:22:52.470063"
}