{
  "ticker": "UAL",
  "name": "UNITED AIRLINES HOLDINGS, INC.",
  "quarters": [
    {
      "date": "2020-12-31T00:00:00",
      "quarter_label": "2020-12 (Q4)",
      "revenue": 3412000000,
      "gross_profit": null,
      "operating_income": -2135000000,
      "net_income": -1897000000,
      "opex": 5547000000,
      "cogs": null,
      "rd": null,
      "sga": null,
      "fcf": -2177000000,
      "ocf": -2177000000,
      "capex": null,
      "gross_margin": null,
      "op_margin": -0.6257327080890973,
      "fcf_margin": -0.638042203985932
    },
    {
      "date": "2021-03-31T00:00:00",
      "quarter_label": "2021-03 (Q1)",
      "revenue": 3221000000,
      "gross_profit": null,
      "operating_income": -1381000000,
      "net_income": -1357000000,
      "opex": 4602000000,
      "cogs": null,
      "rd": null,
      "sga": null,
      "fcf": 447000000,
      "ocf": 447000000,
      "capex": null,
      "gross_margin": null,
      "op_margin": -0.42874883576529027,
      "fcf_margin": 0.1387767773983235,
      "fcf_margin_change": 0.7768189813842555
    },
    {
      "date": "2021-06-30T00:00:00",
      "quarter_label": "2021-06 (Q2)",
      "revenue": 5471000000,
      "gross_profit": null,
      "operating_income": -270000000,
      "net_income": -434000000,
      "opex": 5741000000,
      "cogs": null,
      "rd": null,
      "sga": null,
      "fcf": 2675000000,
      "ocf": 2675000000,
      "capex": null,
      "gross_margin": null,
      "op_margin": -0.049351124108938035,
      "fcf_margin": 0.488941692560775,
      "op_leverage_ratio": 2.8223747853133476,
      "fcf_margin_change": 0.3501649151624515
    },
    {
      "date": "2021-09-30T00:00:00",
      "quarter_label": "2021-09 (Q3)",
      "revenue": 7750000000,
      "gross_profit": null,
      "operating_income": 1037000000,
      "net_income": 473000000,
      "opex": 6713000000,
      "cogs": null,
      "rd": null,
      "sga": null,
      "fcf": -786000000,
      "ocf": -786000000,
      "capex": null,
      "gross_margin": null,
      "op_margin": 0.13380645161290322,
      "fcf_margin": -0.10141935483870967,
      "op_leverage_ratio": 2.460361329057891,
      "fcf_margin_change": -0.5903610473994847
    },
    {
      "date": "2021-12-31T00:00:00",
      "quarter_label": "2021-12 (Q4)",
      "revenue": 8192000000,
      "gross_profit": null,
      "operating_income": -408000000,
      "net_income": -646000000,
      "opex": 8600000000,
      "cogs": null,
      "rd": null,
      "sga": null,
      "fcf": -269000000,
      "ocf": -269000000,
      "capex": null,
      "gross_margin": null,
      "op_margin": -0.0498046875,
      "fcf_margin": -0.0328369140625,
      "incr_op_margin_yoy": 0.3612970711297071,
      "rev_growth_yoy": 1.4009378663540446,
      "op_leverage_ratio": 0.20289218250508576,
      "fcf_margin_change": 0.06858244077620967
    },
    {
      "date": "2022-03-31T00:00:00",
      "quarter_label": "2022-03 (Q1)",
      "revenue": 7566000000,
      "gross_profit": null,
      "operating_income": -1376000000,
      "net_income": -1377000000,
      "opex": 8942000000,
      "cogs": null,
      "rd": null,
      "sga": null,
      "fcf": 1476000000,
      "ocf": 1476000000,
      "capex": null,
      "gross_margin": null,
      "op_margin": -0.18186624372191382,
      "fcf_margin": 0.1950832672482157,
      "incr_op_margin_yoy": 0.0011507479861910242,
      "rev_growth_yoy": 1.3489599503259857,
      "rev_growth_yoy_accel": -0.0519779160280589,
      "fcf_margin_change": 0.2279201813107157
    },
    {
      "date": "2022-06-30T00:00:00",
      "quarter_label": "2022-06 (Q2)",
      "revenue": 12112000000,
      "gross_profit": null,
      "operating_income": 878000000,
      "net_income": 329000000,
      "opex": 11234000000,
      "cogs": null,
      "rd": null,
      "sga": null,
      "fcf": 2691000000,
      "ocf": 2691000000,
      "capex": null,
      "gross_margin": null,
      "op_margin": 0.0724900924702774,
      "fcf_margin": 0.22217635402906208,
      "incr_op_margin_yoy": 0.1728655322993525,
      "rev_growth_yoy": 1.2138548711387316,
      "rev_growth_yoy_accel": -0.13510507918725412,
      "op_leverage_ratio": 2.344137846404808,
      "fcf_margin_change": 0.027093086780846376
    },
    {
      "date": "2022-09-30T00:00:00",
      "quarter_label": "2022-09 (Q3)",
      "revenue": 12877000000,
      "gross_profit": null,
      "operating_income": 1458000000,
      "net_income": 942000000,
      "opex": 11419000000,
      "cogs": null,
      "rd": null,
      "sga": null,
      "fcf": 741000000,
      "ocf": 741000000,
      "capex": null,
      "gross_margin": null,
      "op_margin": 0.11322513007688126,
      "fcf_margin": 0.05754445911314747,
      "incr_op_margin_yoy": 0.08211429685976204,
      "rev_growth_yoy": 0.6615483870967742,
      "rev_growth_yoy_accel": -0.5523064840419574,
      "op_leverage_ratio": 3.8353788068120958,
      "fcf_margin_change": -0.16463189491591462
    },
    {
      "date": "2022-12-31T00:00:00",
      "quarter_label": "2022-12 (Q4)",
      "revenue": 12400000000,
      "gross_profit": null,
      "operating_income": 1377000000,
      "net_income": 843000000,
      "opex": 11023000000,
      "cogs": null,
      "rd": null,
      "sga": null,
      "fcf": 1158000000,
      "ocf": 1158000000,
      "capex": null,
      "gross_margin": null,
      "op_margin": 0.1110483870967742,
      "fcf_margin": 0.09338709677419355,
      "incr_op_margin_yoy": 0.4241920152091255,
      "rev_growth_yoy": 0.513671875,
      "rev_growth_yoy_accel": -0.14787651209677422,
      "fcf_margin_change": 0.035842637661046076
    },
    {
      "date": "2023-03-31T00:00:00",
      "quarter_label": "2023-03 (Q1)",
      "revenue": 11429000000,
      "gross_profit": null,
      "operating_income": -43000000,
      "net_income": -194000000,
      "opex": 11472000000,
      "cogs": null,
      "rd": null,
      "sga": null,
      "fcf": 3142000000,
      "ocf": 3142000000,
      "capex": null,
      "gross_margin": null,
      "op_margin": -0.003762358911540817,
      "fcf_margin": 0.2749146906990988,
      "incr_op_margin_yoy": 0.3450685995340409,
      "rev_growth_yoy": 0.5105736188210415,
      "rev_growth_yoy_accel": -0.003098256178958536,
      "fcf_margin_change": 0.18152759392490525
    },
    {
      "date": "2023-06-30T00:00:00",
      "quarter_label": "2023-06 (Q2)",
      "revenue": 14178000000,
      "gross_profit": null,
      "operating_income": 1517000000,
      "net_income": 1075000000,
      "opex": 12661000000,
      "cogs": null,
      "rd": null,
      "sga": null,
      "fcf": 3799000000,
      "ocf": 3799000000,
      "capex": null,
      "gross_margin": null,
      "op_margin": 0.10699675553674708,
      "fcf_margin": 0.2679503456058682,
      "incr_op_margin_yoy": 0.3092933204259439,
      "rev_growth_yoy": 0.17057463672391018,
      "rev_growth_yoy_accel": -0.3399989820971313,
      "op_leverage_ratio": 2.320725588433832,
      "fcf_margin_change": -0.006964345093230573
    },
    {
      "date": "2023-09-30T00:00:00",
      "quarter_label": "2023-09 (Q3)",
      "revenue": 14484000000,
      "gross_profit": null,
      "operating_income": 1739000000,
      "net_income": 1137000000,
      "opex": 12745000000,
      "cogs": null,
      "rd": null,
      "sga": null,
      "fcf": 880000000,
      "ocf": 880000000,
      "capex": null,
      "gross_margin": null,
      "op_margin": 0.12006351836509252,
      "fcf_margin": 0.06075669704501519,
      "incr_op_margin_yoy": 0.1748599875544493,
      "rev_growth_yoy": 0.12479614817115788,
      "rev_growth_yoy_accel": -0.04577848855275231,
      "op_leverage_ratio": 3.2530832476875644,
      "fcf_margin_change": -0.20719364856085304
    },
    {
      "date": "2023-12-31T00:00:00",
      "quarter_label": "2023-12 (Q4)",
      "revenue": 13626000000,
      "gross_profit": null,
      "operating_income": 998000000,
      "net_income": 600000000,
      "opex": 12628000000,
      "cogs": null,
      "rd": null,
      "sga": null,
      "fcf": -910000000,
      "ocf": -910000000,
      "capex": null,
      "gross_margin": null,
      "op_margin": 0.07324233083810362,
      "fcf_margin": -0.06678408924115661,
      "incr_op_margin_yoy": -0.3091353996737357,
      "rev_growth_yoy": 0.09887096774193549,
      "rev_growth_yoy_accel": -0.025925180429222386,
      "fcf_margin_change": -0.1275407862861718
    },
    {
      "date": "2024-03-31T00:00:00",
      "quarter_label": "2024-03 (Q1)",
      "revenue": 12539000000,
      "gross_profit": null,
      "operating_income": 99000000,
      "net_income": -124000000,
      "opex": 12440000000,
      "cogs": null,
      "rd": null,
      "sga": null,
      "fcf": 2848000000,
      "ocf": 2848000000,
      "capex": null,
      "gross_margin": null,
      "op_margin": 0.007895366456655235,
      "fcf_margin": 0.22713135018741526,
      "incr_op_margin_yoy": 0.12792792792792793,
      "rev_growth_yoy": 0.0971213579490769,
      "rev_growth_yoy_accel": -0.0017496097928585835,
      "fcf_margin_change": 0.2939154394285719
    },
    {
      "date": "2024-06-30T00:00:00",
      "quarter_label": "2024-06 (Q2)",
      "revenue": 14986000000,
      "gross_profit": null,
      "operating_income": 1929000000,
      "net_income": 1323000000,
      "opex": 13057000000,
      "cogs": null,
      "rd": null,
      "sga": null,
      "fcf": 2875000000,
      "ocf": 2875000000,
      "capex": null,
      "gross_margin": null,
      "op_margin": 0.1287201387962098,
      "fcf_margin": 0.1918457226744962,
      "incr_op_margin_yoy": 0.5099009900990099,
      "rev_growth_yoy": 0.05698970235576245,
      "rev_growth_yoy_accel": -0.040131655593314455,
      "op_leverage_ratio": 3.9346516017513204,
      "fcf_margin_change": -0.035285627512919054
    },
    {
      "date": "2024-09-30T00:00:00",
      "quarter_label": "2024-09 (Q3)",
      "revenue": 14843000000,
      "gross_profit": null,
      "operating_income": 1565000000,
      "net_income": 965000000,
      "opex": 13278000000,
      "cogs": null,
      "rd": null,
      "sga": null,
      "fcf": 1498000000,
      "ocf": 1498000000,
      "capex": null,
      "gross_margin": null,
      "op_margin": 0.10543690628579128,
      "fcf_margin": 0.10092299400390757,
      "incr_op_margin_yoy": -0.48467966573816157,
      "rev_growth_yoy": 0.024785970726318697,
      "rev_growth_yoy_accel": -0.03220373162944375,
      "fcf_margin_change": -0.09092272867058863
    },
    {
      "date": "2024-12-31T00:00:00",
      "quarter_label": "2024-12 (Q4)",
      "revenue": 14695000000,
      "gross_profit": null,
      "operating_income": 1503000000,
      "net_income": 985000000,
      "opex": 13192000000,
      "cogs": null,
      "rd": null,
      "sga": null,
      "fcf": 2224000000,
      "ocf": 2224000000,
      "capex": null,
      "gross_margin": null,
      "op_margin": 0.10227968696835658,
      "fcf_margin": 0.15134399455597142,
      "incr_op_margin_yoy": 0.4724041159962582,
      "rev_growth_yoy": 0.07845295758109497,
      "rev_growth_yoy_accel": 0.05366698685477627,
      "fcf_margin_change": 0.05042100055206385
    },
    {
      "date": "2025-03-31T00:00:00",
      "quarter_label": "2025-03 (Q1)",
      "revenue": 13213000000,
      "gross_profit": null,
      "operating_income": 607000000,
      "net_income": 387000000,
      "opex": 12605000000,
      "cogs": null,
      "rd": null,
      "sga": null,
      "fcf": 3710000000,
      "ocf": 3710000000,
      "capex": null,
      "gross_margin": null,
      "op_margin": 0.045939604934534174,
      "fcf_margin": 0.28078407628850377,
      "incr_op_margin_yoy": 0.7537091988130564,
      "rev_growth_yoy": 0.05375229284631948,
      "rev_growth_yoy_accel": -0.024700664734775488,
      "fcf_margin_change": 0.12944008173253235
    },
    {
      "date": "2025-06-30T00:00:00",
      "quarter_label": "2025-06 (Q2)",
      "revenue": 15236000000,
      "gross_profit": null,
      "operating_income": 1325000000,
      "net_income": 973000000,
      "opex": 13911000000,
      "cogs": null,
      "rd": null,
      "sga": null,
      "fcf": 2217000000,
      "ocf": 2217000000,
      "capex": null,
      "gross_margin": null,
      "op_margin": 0.0869650826988711,
      "fcf_margin": 0.1455106327119979,
      "incr_op_margin_yoy": -2.416,
      "rev_growth_yoy": 0.016682236754304018,
      "rev_growth_yoy_accel": -0.03707005609201546,
      "op_leverage_ratio": 1.4777267017064846,
      "fcf_margin_change": -0.13527344357650586
    },
    {
      "date": "2025-09-30T00:00:00",
      "quarter_label": "2025-09 (Q3)",
      "revenue": 15225000000,
      "gross_profit": null,
      "operating_income": 1395000000,
      "net_income": 949000000,
      "opex": 13830000000,
      "cogs": null,
      "rd": null,
      "sga": null,
      "fcf": 1218000000,
      "ocf": 1218000000,
      "capex": null,
      "gross_margin": null,
      "op_margin": 0.0916256157635468,
      "fcf_margin": 0.08,
      "incr_op_margin_yoy": -0.44502617801047123,
      "rev_growth_yoy": 0.025736037189247458,
      "rev_growth_yoy_accel": 0.00905380043494344,
      "fcf_margin_change": -0.0655106327119979
    }
  ],
  "signals": [
    {
      "quarter": "2025-03 (Q1)",
      "signal": "FCF MARGIN EXPANSION",
      "detail": "FCF margin: +15.1% -> +28.1% (+12.9%)",
      "severity": "MEDIUM"
    },
    {
      "quarter": "2025-03 (Q1)",
      "signal": "INCREMENTAL MARGIN (YoY)",
      "detail": "YoY Incr OPM: +75.4% vs year-ago OPM: +0.8%",
      "severity": "HIGH"
    },
    {
      "quarter": "2024-12 (Q4)",
      "signal": "FCF MARGIN EXPANSION",
      "detail": "FCF margin: +10.1% -> +15.1% (+5.0%)",
      "severity": "MEDIUM"
    },
    {
      "quarter": "2024-12 (Q4)",
      "signal": "YoY REVENUE GROWTH ACCELERATION",
      "detail": "YoY growth: +7.8% vs prior quarter YoY: +2.5% (accel: +5.4%)",
      "severity": "MEDIUM"
    },
    {
      "quarter": "2024-12 (Q4)",
      "signal": "INCREMENTAL MARGIN (YoY)",
      "detail": "YoY Incr OPM: +47.2% vs year-ago OPM: +7.3%",
      "severity": "HIGH"
    },
    {
      "quarter": "2024-06 (Q2)",
      "signal": "OPERATING LEVERAGE",
      "detail": "Rev growth +19.5% vs OpEx growth +5.0% (leverage: 3.9x)",
      "severity": "MEDIUM"
    },
    {
      "quarter": "2024-06 (Q2)",
      "signal": "INCREMENTAL MARGIN (YoY)",
      "detail": "YoY Incr OPM: +51.0% vs year-ago OPM: +10.7%",
      "severity": "HIGH"
    },
    {
      "quarter": "2024-03 (Q1)",
      "signal": "FCF TURNED POSITIVE",
      "detail": "FCF margin: -6.7% -> +22.7%",
      "severity": "HIGH"
    },
    {
      "quarter": "2024-03 (Q1)",
      "signal": "OP MARGIN TURNED POSITIVE (YoY)",
      "detail": "Op margin: -0.4% (year-ago) -> +0.8%",
      "severity": "HIGH"
    },
    {
      "quarter": "2023-09 (Q3)",
      "signal": "OPERATING LEVERAGE",
      "detail": "Rev growth +2.2% vs OpEx growth +0.7% (leverage: 3.3x)",
      "severity": "MEDIUM"
    },
    {
      "quarter": "2023-06 (Q2)",
      "signal": "OPERATING LEVERAGE",
      "detail": "Rev growth +24.1% vs OpEx growth +10.4% (leverage: 2.3x)",
      "severity": "MEDIUM"
    },
    {
      "quarter": "2023-06 (Q2)",
      "signal": "YoY REVENUE GROWTH DECELERATION",
      "detail": "YoY growth: +17.1% vs prior quarter YoY: +51.1% (decel: -34.0%)",
      "severity": "WARNING"
    },
    {
      "quarter": "2023-06 (Q2)",
      "signal": "INCREMENTAL MARGIN (YoY)",
      "detail": "YoY Incr OPM: +30.9% vs year-ago OPM: +7.2%",
      "severity": "HIGH"
    },
    {
      "quarter": "2023-06 (Q2)",
      "signal": "OP MARGIN TURNED POSITIVE (QoQ)",
      "detail": "Op margin: -0.4% -> +10.7%",
      "severity": "HIGH"
    },
    {
      "quarter": "2023-03 (Q1)",
      "signal": "FCF MARGIN EXPANSION",
      "detail": "FCF margin: +9.3% -> +27.5% (+18.2%)",
      "severity": "MEDIUM"
    },
    {
      "quarter": "2022-12 (Q4)",
      "signal": "YoY REVENUE GROWTH DECELERATION",
      "detail": "YoY growth: +51.4% vs prior quarter YoY: +66.2% (decel: -14.8%)",
      "severity": "WARNING"
    },
    {
      "quarter": "2022-12 (Q4)",
      "signal": "OP MARGIN TURNED POSITIVE (YoY)",
      "detail": "Op margin: -5.0% (year-ago) -> +11.1%",
      "severity": "HIGH"
    },
    {
      "quarter": "2022-09 (Q3)",
      "signal": "OPERATING LEVERAGE",
      "detail": "Rev growth +6.3% vs OpEx growth +1.6% (leverage: 3.8x)",
      "severity": "MEDIUM"
    },
    {
      "quarter": "2022-09 (Q3)",
      "signal": "YoY REVENUE GROWTH DECELERATION",
      "detail": "YoY growth: +66.2% vs prior quarter YoY: +121.4% (decel: -55.2%)",
      "severity": "WARNING"
    },
    {
      "quarter": "2022-06 (Q2)",
      "signal": "OPERATING LEVERAGE",
      "detail": "Rev growth +60.1% vs OpEx growth +25.6% (leverage: 2.3x)",
      "severity": "MEDIUM"
    },
    {
      "quarter": "2022-06 (Q2)",
      "signal": "YoY REVENUE GROWTH DECELERATION",
      "detail": "YoY growth: +121.4% vs prior quarter YoY: +134.9% (decel: -13.5%)",
      "severity": "WARNING"
    },
    {
      "quarter": "2022-06 (Q2)",
      "signal": "OP MARGIN TURNED POSITIVE (YoY)",
      "detail": "Op margin: -4.9% (year-ago) -> +7.2%",
      "severity": "HIGH"
    },
    {
      "quarter": "2022-06 (Q2)",
      "signal": "OP MARGIN TURNED POSITIVE (QoQ)",
      "detail": "Op margin: -18.2% -> +7.2%",
      "severity": "HIGH"
    },
    {
      "quarter": "2022-03 (Q1)",
      "signal": "FCF TURNED POSITIVE",
      "detail": "FCF margin: -3.3% -> +19.5%",
      "severity": "HIGH"
    },
    {
      "quarter": "2022-03 (Q1)",
      "signal": "YoY REVENUE GROWTH DECELERATION",
      "detail": "YoY growth: +134.9% vs prior quarter YoY: +140.1% (decel: -5.2%)",
      "severity": "WARNING"
    },
    {
      "quarter": "2021-12 (Q4)",
      "signal": "FCF MARGIN EXPANSION",
      "detail": "FCF margin: -10.1% -> -3.3% (+6.9%)",
      "severity": "MEDIUM"
    },
    {
      "quarter": "2021-09 (Q3)",
      "signal": "OPERATING LEVERAGE",
      "detail": "Rev growth +41.7% vs OpEx growth +16.9% (leverage: 2.5x)",
      "severity": "MEDIUM"
    },
    {
      "quarter": "2021-09 (Q3)",
      "signal": "OP MARGIN TURNED POSITIVE (QoQ)",
      "detail": "Op margin: -4.9% -> +13.4%",
      "severity": "HIGH"
    },
    {
      "quarter": "2021-06 (Q2)",
      "signal": "FCF MARGIN EXPANSION",
      "detail": "FCF margin: +13.9% -> +48.9% (+35.0%)",
      "severity": "MEDIUM"
    },
    {
      "quarter": "2021-06 (Q2)",
      "signal": "OPERATING LEVERAGE",
      "detail": "Rev growth +69.9% vs OpEx growth +24.8% (leverage: 2.8x)",
      "severity": "MEDIUM"
    },
    {
      "quarter": "2021-03 (Q1)",
      "signal": "FCF TURNED POSITIVE",
      "detail": "FCF margin: -63.8% -> +13.9%",
      "severity": "HIGH"
    }
  ],
  "data_quality": {
    "n_quarters": 20,
    "coverage": {
      "revenue": [
        20,
        20
      ],
      "gross_profit": [
        0,
        20
      ],
      "op_income": [
        20,
        20
      ],
      "fcf": [
        20,
        20
      ]
    },
    "gaps": [],
    "warnings": [
      "gross_profit: no data"
    ]
  },
  "market_cap": null,
  "source": "SEC EDGAR",
  "last_updated": "2026-02-02T20:07:21.284416"
}