{
  "ticker": "UCB",
  "name": "UNITED COMMUNITY BANKS, INC.",
  "sector": "Financial Services",
  "industry": "Banks - Regional",
  "quarters": [
    {
      "date": "2021-03-31T00:00:00",
      "quarter_label": "2021-03 (Q1)",
      "revenue": 189050000,
      "gross_profit": null,
      "operating_income": null,
      "net_income": 73706000,
      "opex": null,
      "cogs": null,
      "rd": null,
      "sga": null,
      "fcf": 32174000,
      "ocf": 34664000,
      "capex": -2490000,
      "gross_margin": null,
      "op_margin": null,
      "fcf_margin": 0.17018778101031473
    },
    {
      "date": "2021-06-30T00:00:00",
      "quarter_label": "2021-06 (Q2)",
      "revenue": 187805000,
      "gross_profit": null,
      "operating_income": null,
      "net_income": 70260000,
      "opex": null,
      "cogs": null,
      "rd": null,
      "sga": null,
      "fcf": 115719000,
      "ocf": 127794000,
      "capex": -12075000,
      "gross_margin": null,
      "op_margin": null,
      "fcf_margin": 0.616165703788504,
      "fcf_margin_change": 0.44597792277818926
    },
    {
      "date": "2021-09-30T00:00:00",
      "quarter_label": "2021-09 (Q3)",
      "revenue": 192168000,
      "gross_profit": null,
      "operating_income": null,
      "net_income": 73816000,
      "opex": null,
      "cogs": null,
      "rd": null,
      "sga": null,
      "fcf": 115286000,
      "ocf": 120454000,
      "capex": -5168000,
      "gross_margin": null,
      "op_margin": null,
      "fcf_margin": 0.599922984055618,
      "fcf_margin_change": -0.016242719732886046
    },
    {
      "date": "2021-12-31T00:00:00",
      "quarter_label": "2021-12 (Q4)",
      "revenue": 175379000,
      "gross_profit": null,
      "operating_income": null,
      "net_income": 52019000,
      "opex": null,
      "cogs": null,
      "rd": null,
      "sga": null,
      "fcf": 69658000,
      "ocf": 76408000,
      "capex": -6750000,
      "gross_margin": null,
      "op_margin": null,
      "fcf_margin": 0.39718552392247647,
      "fcf_margin_change": -0.20273746013314148
    },
    {
      "date": "2022-03-31T00:00:00",
      "quarter_label": "2022-03 (Q1)",
      "revenue": 179679000,
      "gross_profit": null,
      "operating_income": null,
      "net_income": 48019000,
      "opex": null,
      "cogs": null,
      "rd": null,
      "sga": null,
      "fcf": 193162000,
      "ocf": 200476000,
      "capex": -7314000,
      "gross_margin": null,
      "op_margin": null,
      "fcf_margin": 1.0750393757756889,
      "rev_growth_yoy": -0.04956889711716477,
      "fcf_margin_change": 0.6778538518532125
    },
    {
      "date": "2022-06-30T00:00:00",
      "quarter_label": "2022-06 (Q2)",
      "revenue": 206757000,
      "gross_profit": null,
      "operating_income": null,
      "net_income": 66842000,
      "opex": null,
      "cogs": null,
      "rd": null,
      "sga": null,
      "fcf": 137474000,
      "ocf": 146934000,
      "capex": -9460000,
      "gross_margin": null,
      "op_margin": null,
      "fcf_margin": 0.6649061458620507,
      "rev_growth_yoy": 0.100913181225207,
      "rev_growth_yoy_accel": 0.15048207834237176,
      "fcf_margin_change": -0.4101332299136382
    },
    {
      "date": "2022-09-30T00:00:00",
      "quarter_label": "2022-09 (Q3)",
      "revenue": 216304000,
      "gross_profit": null,
      "operating_income": null,
      "net_income": 81161000,
      "opex": null,
      "cogs": null,
      "rd": null,
      "sga": null,
      "fcf": 151466000,
      "ocf": 160992000,
      "capex": -9526000,
      "gross_margin": null,
      "op_margin": null,
      "fcf_margin": 0.7002459501442414,
      "rev_growth_yoy": 0.12559843470296825,
      "rev_growth_yoy_accel": 0.02468525347776125,
      "fcf_margin_change": 0.035339804282190745
    },
    {
      "date": "2022-12-31T00:00:00",
      "quarter_label": "2022-12 (Q4)",
      "revenue": 223411000,
      "gross_profit": null,
      "operating_income": null,
      "net_income": 81450000,
      "opex": null,
      "cogs": null,
      "rd": null,
      "sga": null,
      "fcf": 82501000,
      "ocf": 98905000,
      "capex": -16404000,
      "gross_margin": null,
      "op_margin": null,
      "fcf_margin": 0.3692790417660724,
      "rev_growth_yoy": 0.2738754354854344,
      "rev_growth_yoy_accel": 0.14827700078246617,
      "fcf_margin_change": -0.330966908378169
    },
    {
      "date": "2023-03-31T00:00:00",
      "quarter_label": "2023-03 (Q1)",
      "revenue": 219896000,
      "gross_profit": null,
      "operating_income": null,
      "net_income": 62300000,
      "opex": null,
      "cogs": null,
      "rd": null,
      "sga": null,
      "fcf": 67491000,
      "ocf": 90093000,
      "capex": -22602000,
      "gross_margin": null,
      "op_margin": null,
      "fcf_margin": 0.30692236329901407,
      "rev_growth_yoy": 0.2238269358133115,
      "rev_growth_yoy_accel": -0.05004849967212291,
      "fcf_margin_change": -0.062356678467058335
    },
    {
      "date": "2023-06-30T00:00:00",
      "quarter_label": "2023-06 (Q2)",
      "revenue": 213920000,
      "gross_profit": null,
      "operating_income": null,
      "net_income": 63288000,
      "opex": null,
      "cogs": null,
      "rd": null,
      "sga": null,
      "fcf": 73721000,
      "ocf": 94928000,
      "capex": -21207000,
      "gross_margin": null,
      "op_margin": null,
      "fcf_margin": 0.34461948391922215,
      "rev_growth_yoy": 0.03464453440512292,
      "rev_growth_yoy_accel": -0.1891824014081886,
      "fcf_margin_change": 0.03769712062020808
    },
    {
      "date": "2023-09-30T00:00:00",
      "quarter_label": "2023-09 (Q3)",
      "revenue": 204265000,
      "gross_profit": null,
      "operating_income": null,
      "net_income": 47866000,
      "opex": null,
      "cogs": null,
      "rd": null,
      "sga": null,
      "fcf": 71827000,
      "ocf": 87175000,
      "capex": -15348000,
      "gross_margin": null,
      "op_margin": null,
      "fcf_margin": 0.3516363547352704,
      "rev_growth_yoy": -0.055657777942155484,
      "rev_growth_yoy_accel": -0.0903023123472784,
      "fcf_margin_change": 0.007016870816048237
    },
    {
      "date": "2023-12-31T00:00:00",
      "quarter_label": "2023-12 (Q4)",
      "revenue": 165737000,
      "gross_profit": null,
      "operating_income": null,
      "net_income": 14090000,
      "opex": null,
      "cogs": null,
      "rd": null,
      "sga": null,
      "fcf": 8447000,
      "ocf": 21775000,
      "capex": -13328000,
      "gross_margin": null,
      "op_margin": null,
      "fcf_margin": 0.05096628996542715,
      "rev_growth_yoy": -0.25815201579152325,
      "rev_growth_yoy_accel": -0.20249423784936776,
      "fcf_margin_change": -0.30067006476984326
    },
    {
      "date": "2024-03-31T00:00:00",
      "quarter_label": "2024-03 (Q1)",
      "revenue": 225837000,
      "gross_profit": null,
      "operating_income": null,
      "net_income": 62631000,
      "opex": null,
      "cogs": null,
      "rd": null,
      "sga": null,
      "fcf": 75099000,
      "ocf": 88809000,
      "capex": -13710000,
      "gross_margin": null,
      "op_margin": null,
      "fcf_margin": 0.3325362983036438,
      "rev_growth_yoy": 0.02701731727725834,
      "rev_growth_yoy_accel": 0.28516933306878156,
      "fcf_margin_change": 0.28157000833821666
    },
    {
      "date": "2024-06-30T00:00:00",
      "quarter_label": "2024-06 (Q2)",
      "revenue": 233021000,
      "gross_profit": null,
      "operating_income": null,
      "net_income": 66615000,
      "opex": null,
      "cogs": null,
      "rd": null,
      "sga": null,
      "fcf": 87234000,
      "ocf": 105092000,
      "capex": -17858000,
      "gross_margin": null,
      "op_margin": null,
      "fcf_margin": 0.3743611090845889,
      "rev_growth_yoy": 0.08929038893044129,
      "rev_growth_yoy_accel": 0.06227307165318295,
      "fcf_margin_change": 0.04182481078094513
    },
    {
      "date": "2024-09-30T00:00:00",
      "quarter_label": "2024-09 (Q3)",
      "revenue": 202849000,
      "gross_profit": null,
      "operating_income": null,
      "net_income": 47347000,
      "opex": null,
      "cogs": null,
      "rd": null,
      "sga": null,
      "fcf": -2196000,
      "ocf": 7741000,
      "capex": -9937000,
      "gross_margin": null,
      "op_margin": null,
      "fcf_margin": -0.010825786668901499,
      "rev_growth_yoy": -0.006932171443957604,
      "rev_growth_yoy_accel": -0.0962225603743989,
      "fcf_margin_change": -0.3851868957534904
    },
    {
      "date": "2024-12-31T00:00:00",
      "quarter_label": "2024-12 (Q4)",
      "revenue": 239466000,
      "gross_profit": null,
      "operating_income": null,
      "net_income": 75804000,
      "opex": null,
      "cogs": null,
      "rd": null,
      "sga": null,
      "fcf": 142553000,
      "ocf": 148092000,
      "capex": -5539000,
      "gross_margin": null,
      "op_margin": null,
      "fcf_margin": 0.5952953655216189,
      "rev_growth_yoy": 0.4448554034403905,
      "rev_growth_yoy_accel": 0.45178757488434806,
      "fcf_margin_change": 0.6061211521905204
    },
    {
      "date": "2025-03-31T00:00:00",
      "quarter_label": "2025-03 (Q1)",
      "revenue": 247677000,
      "gross_profit": null,
      "operating_income": null,
      "net_income": 71413000,
      "opex": null,
      "cogs": null,
      "rd": null,
      "sga": null,
      "fcf": 94319000,
      "ocf": 98632000,
      "capex": -4313000,
      "gross_margin": null,
      "op_margin": null,
      "fcf_margin": 0.38081452859974885,
      "rev_growth_yoy": 0.09670691693566599,
      "rev_growth_yoy_accel": -0.3481484865047245,
      "fcf_margin_change": -0.21448083692187003
    },
    {
      "date": "2025-06-30T00:00:00",
      "quarter_label": "2025-06 (Q2)",
      "revenue": 260239000,
      "gross_profit": null,
      "operating_income": null,
      "net_income": 78733000,
      "opex": null,
      "cogs": null,
      "rd": null,
      "sga": null,
      "fcf": 84715000,
      "ocf": 96836000,
      "capex": -12121000,
      "gross_margin": null,
      "op_margin": null,
      "fcf_margin": 0.32552768800986787,
      "rev_growth_yoy": 0.1168049231614318,
      "rev_growth_yoy_accel": 0.02009800622576581,
      "fcf_margin_change": -0.05528684058988098
    },
    {
      "date": "2025-09-30T00:00:00",
      "quarter_label": "2025-09 (Q3)",
      "revenue": 276848000,
      "gross_profit": null,
      "operating_income": null,
      "net_income": 91494000,
      "opex": null,
      "cogs": null,
      "rd": null,
      "sga": null,
      "fcf": 117709000,
      "ocf": 123095000,
      "capex": -5386000,
      "gross_margin": null,
      "op_margin": null,
      "fcf_margin": 0.425175547592903,
      "rev_growth_yoy": 0.36479844613480966,
      "rev_growth_yoy_accel": 0.24799352297337784,
      "fcf_margin_change": 0.09964785958303513
    },
    {
      "date": "2025-12-31T00:00:00",
      "quarter_label": "2025-12 (Q4)",
      "revenue": 278388000,
      "gross_profit": null,
      "operating_income": null,
      "net_income": 86455000,
      "opex": null,
      "cogs": null,
      "rd": null,
      "sga": null,
      "fcf": 59713000,
      "ocf": 65472000,
      "capex": -5759000,
      "gross_margin": null,
      "op_margin": null,
      "fcf_margin": 0.21449559607454344,
      "rev_growth_yoy": 0.16253664403297335,
      "rev_growth_yoy_accel": -0.2022618021018363,
      "fcf_margin_change": -0.21067995151835955
    }
  ],
  "signals": [
    {
      "quarter": "2025-12 (Q4)",
      "signal": "YoY REVENUE GROWTH DECELERATION",
      "detail": "YoY growth: +16.3% vs prior quarter YoY: +36.5% (decel: -20.2%)",
      "severity": "WARNING"
    },
    {
      "quarter": "2025-09 (Q3)",
      "signal": "FCF MARGIN EXPANSION",
      "detail": "FCF margin: +32.6% -> +42.5% (+10.0%)",
      "severity": "MEDIUM"
    },
    {
      "quarter": "2025-09 (Q3)",
      "signal": "YoY REVENUE GROWTH ACCELERATION",
      "detail": "YoY growth: +36.5% vs prior quarter YoY: +11.7% (accel: +24.8%)",
      "severity": "HIGH"
    },
    {
      "quarter": "2025-03 (Q1)",
      "signal": "YoY REVENUE GROWTH DECELERATION",
      "detail": "YoY growth: +9.7% vs prior quarter YoY: +44.5% (decel: -34.8%)",
      "severity": "WARNING"
    },
    {
      "quarter": "2024-12 (Q4)",
      "signal": "FCF TURNED POSITIVE",
      "detail": "FCF margin: -1.1% -> +59.5%",
      "severity": "HIGH"
    },
    {
      "quarter": "2024-12 (Q4)",
      "signal": "YoY REVENUE GROWTH ACCELERATION",
      "detail": "YoY growth: +44.5% vs prior quarter YoY: -0.7% (accel: +45.2%)",
      "severity": "HIGH"
    },
    {
      "quarter": "2024-09 (Q3)",
      "signal": "YoY REVENUE GROWTH DECELERATION",
      "detail": "YoY growth: -0.7% vs prior quarter YoY: +8.9% (decel: -9.6%)",
      "severity": "WARNING"
    },
    {
      "quarter": "2024-06 (Q2)",
      "signal": "YoY REVENUE GROWTH ACCELERATION",
      "detail": "YoY growth: +8.9% vs prior quarter YoY: +2.7% (accel: +6.2%)",
      "severity": "MEDIUM"
    },
    {
      "quarter": "2024-03 (Q1)",
      "signal": "FCF MARGIN EXPANSION",
      "detail": "FCF margin: +5.1% -> +33.3% (+28.2%)",
      "severity": "MEDIUM"
    },
    {
      "quarter": "2024-03 (Q1)",
      "signal": "YoY REVENUE GROWTH ACCELERATION",
      "detail": "YoY growth: +2.7% vs prior quarter YoY: -25.8% (accel: +28.5%)",
      "severity": "HIGH"
    },
    {
      "quarter": "2023-12 (Q4)",
      "signal": "YoY REVENUE GROWTH DECELERATION",
      "detail": "YoY growth: -25.8% vs prior quarter YoY: -5.6% (decel: -20.2%)",
      "severity": "WARNING"
    },
    {
      "quarter": "2023-09 (Q3)",
      "signal": "YoY REVENUE GROWTH DECELERATION",
      "detail": "YoY growth: -5.6% vs prior quarter YoY: +3.5% (decel: -9.0%)",
      "severity": "WARNING"
    },
    {
      "quarter": "2023-06 (Q2)",
      "signal": "YoY REVENUE GROWTH DECELERATION",
      "detail": "YoY growth: +3.5% vs prior quarter YoY: +22.4% (decel: -18.9%)",
      "severity": "WARNING"
    },
    {
      "quarter": "2023-03 (Q1)",
      "signal": "YoY REVENUE GROWTH DECELERATION",
      "detail": "YoY growth: +22.4% vs prior quarter YoY: +27.4% (decel: -5.0%)",
      "severity": "WARNING"
    },
    {
      "quarter": "2022-12 (Q4)",
      "signal": "YoY REVENUE GROWTH ACCELERATION",
      "detail": "YoY growth: +27.4% vs prior quarter YoY: +12.6% (accel: +14.8%)",
      "severity": "MEDIUM"
    },
    {
      "quarter": "2022-06 (Q2)",
      "signal": "YoY REVENUE GROWTH ACCELERATION",
      "detail": "YoY growth: +10.1% vs prior quarter YoY: -5.0% (accel: +15.0%)",
      "severity": "HIGH"
    },
    {
      "quarter": "2022-03 (Q1)",
      "signal": "FCF MARGIN EXPANSION",
      "detail": "FCF margin: +39.7% -> +107.5% (+67.8%)",
      "severity": "MEDIUM"
    },
    {
      "quarter": "2021-06 (Q2)",
      "signal": "FCF MARGIN EXPANSION",
      "detail": "FCF margin: +17.0% -> +61.6% (+44.6%)",
      "severity": "MEDIUM"
    }
  ],
  "data_quality": {
    "n_quarters": 20,
    "coverage": {
      "revenue": [
        20,
        20
      ],
      "gross_profit": [
        0,
        20
      ],
      "op_income": [
        0,
        20
      ],
      "fcf": [
        20,
        20
      ]
    },
    "gaps": [],
    "warnings": [
      "gross_profit: no data",
      "op_income: no data"
    ]
  },
  "market_cap": null,
  "source": "SEC EDGAR",
  "last_updated": "2026-02-24T10:37:56.465113"
}