{
  "ticker": "UDR",
  "name": "UDR, Inc.",
  "sector": "Real Estate",
  "industry": "REIT - Residential",
  "quarters": [
    {
      "date": "2021-03-31T00:00:00",
      "quarter_label": "2021-03 (Q1)",
      "revenue": 301441000,
      "gross_profit": null,
      "operating_income": 75070000,
      "net_income": 3104000,
      "opex": 277200000,
      "cogs": null,
      "rd": null,
      "sga": null,
      "fcf": 123605000,
      "ocf": 123605000,
      "capex": null,
      "gross_margin": null,
      "op_margin": 0.2490371250095375,
      "fcf_margin": 0.4100470738884226
    },
    {
      "date": "2021-06-30T00:00:00",
      "quarter_label": "2021-06 (Q2)",
      "revenue": 311348000,
      "gross_profit": null,
      "operating_income": 35787000,
      "net_income": 11720000,
      "opex": 275561000,
      "cogs": null,
      "rd": null,
      "sga": null,
      "fcf": 206552000,
      "ocf": 206552000,
      "capex": null,
      "gross_margin": null,
      "op_margin": 0.11494212264090342,
      "fcf_margin": 0.6634120020041883,
      "op_leverage_ratio": null,
      "fcf_margin_change": 0.25336492811576566
    },
    {
      "date": "2021-09-30T00:00:00",
      "quarter_label": "2021-09 (Q3)",
      "revenue": 329770000,
      "gross_profit": null,
      "operating_income": 33170000,
      "net_income": 17731000,
      "opex": 296600000,
      "cogs": null,
      "rd": null,
      "sga": null,
      "fcf": 153012000,
      "ocf": 153012000,
      "capex": null,
      "gross_margin": null,
      "op_margin": 0.10058525639081785,
      "fcf_margin": 0.4639961185068381,
      "op_leverage_ratio": 0.7749672615955737,
      "fcf_margin_change": -0.19941588349735018
    },
    {
      "date": "2021-12-31T00:00:00",
      "quarter_label": "2021-12 (Q4)",
      "revenue": 348208000,
      "gross_profit": null,
      "operating_income": 123941000,
      "net_income": 117461000,
      "opex": 309490000,
      "cogs": null,
      "rd": null,
      "sga": null,
      "fcf": 180791000,
      "ocf": 180791000,
      "capex": null,
      "gross_margin": null,
      "op_margin": 0.3559395533703993,
      "fcf_margin": 0.5192040389652162,
      "op_leverage_ratio": 1.2865328970260748,
      "fcf_margin_change": 0.05520792045837808
    },
    {
      "date": "2022-03-31T00:00:00",
      "quarter_label": "2022-03 (Q1)",
      "revenue": 357266000,
      "gross_profit": null,
      "operating_income": 47890000,
      "net_income": 13705000,
      "opex": 309376000,
      "cogs": null,
      "rd": null,
      "sga": null,
      "fcf": 161020000,
      "ocf": 161020000,
      "capex": null,
      "gross_margin": null,
      "op_margin": 0.13404578101470613,
      "fcf_margin": 0.45070059843366006,
      "incr_op_margin_yoy": -0.4868786386027765,
      "rev_growth_yoy": 0.18519378584864035,
      "op_leverage_ratio": null,
      "fcf_margin_change": -0.0685034405315561
    },
    {
      "date": "2022-06-30T00:00:00",
      "quarter_label": "2022-06 (Q2)",
      "revenue": 369167000,
      "gross_profit": null,
      "operating_income": 50736000,
      "net_income": 5084000,
      "opex": 318431000,
      "cogs": null,
      "rd": null,
      "sga": null,
      "fcf": 237067000,
      "ocf": 237067000,
      "capex": null,
      "gross_margin": null,
      "op_margin": 0.13743373595147995,
      "fcf_margin": 0.6421673659888343,
      "incr_op_margin_yoy": 0.25854822809111194,
      "rev_growth_yoy": 0.18570538432878966,
      "rev_growth_yoy_accel": 0.0005115984801493112,
      "op_leverage_ratio": 1.1381249210540014,
      "fcf_margin_change": 0.19146676755517422
    },
    {
      "date": "2022-09-30T00:00:00",
      "quarter_label": "2022-09 (Q3)",
      "revenue": 391297000,
      "gross_profit": null,
      "operating_income": 62919000,
      "net_income": 23605000,
      "opex": 328378000,
      "cogs": null,
      "rd": null,
      "sga": null,
      "fcf": 204551000,
      "ocf": 204551000,
      "capex": null,
      "gross_margin": null,
      "op_margin": 0.1607960193919197,
      "fcf_margin": 0.5227512605514482,
      "incr_op_margin_yoy": 0.48351130398036635,
      "rev_growth_yoy": 0.18657549200958243,
      "rev_growth_yoy_accel": 0.0008701076807927643,
      "op_leverage_ratio": 1.9190300013465114,
      "fcf_margin_change": -0.11941610543738612
    },
    {
      "date": "2022-12-31T00:00:00",
      "quarter_label": "2022-12 (Q4)",
      "revenue": 399656000,
      "gross_profit": null,
      "operating_income": 89269000,
      "net_income": 44530000,
      "opex": 335881000,
      "cogs": null,
      "rd": null,
      "sga": null,
      "fcf": 217433000,
      "ocf": 217433000,
      "capex": null,
      "gross_margin": null,
      "op_margin": 0.22336459355045338,
      "fcf_margin": 0.5440503833296635,
      "incr_op_margin_yoy": -0.6739231845747162,
      "rev_growth_yoy": 0.1477507696549189,
      "rev_growth_yoy_accel": -0.03882472235466353,
      "op_leverage_ratio": 0.9349468311212773,
      "fcf_margin_change": 0.02129912277821533
    },
    {
      "date": "2023-03-31T00:00:00",
      "quarter_label": "2023-03 (Q1)",
      "revenue": 399549000,
      "gross_profit": null,
      "operating_income": 66184000,
      "net_income": 30964000,
      "opex": 333366000,
      "cogs": null,
      "rd": null,
      "sga": null,
      "fcf": 168015000,
      "ocf": 168015000,
      "capex": null,
      "gross_margin": null,
      "op_margin": 0.1656467667294875,
      "fcf_margin": 0.42051162685928384,
      "incr_op_margin_yoy": 0.43265615022585907,
      "rev_growth_yoy": 0.1183515923709505,
      "rev_growth_yoy_accel": -0.029399177283968403,
      "fcf_margin_change": -0.12353875647037965
    },
    {
      "date": "2023-06-30T00:00:00",
      "quarter_label": "2023-06 (Q2)",
      "revenue": 404548000,
      "gross_profit": null,
      "operating_income": 396503000,
      "net_income": 347545000,
      "opex": 333929000,
      "cogs": null,
      "rd": null,
      "sga": null,
      "fcf": 241973000,
      "ocf": 241973000,
      "capex": null,
      "gross_margin": null,
      "op_margin": 0.9801136082739255,
      "fcf_margin": 0.5981317420924093,
      "incr_op_margin_yoy": 9.772674599361238,
      "rev_growth_yoy": 0.09584009404957648,
      "rev_growth_yoy_accel": -0.022511498321374016,
      "op_leverage_ratio": 7.408426864522431,
      "fcf_margin_change": 0.17762011523312543
    },
    {
      "date": "2023-09-30T00:00:00",
      "quarter_label": "2023-09 (Q3)",
      "revenue": 410131000,
      "gross_profit": null,
      "operating_income": 78072000,
      "net_income": 32858000,
      "opex": 332059000,
      "cogs": null,
      "rd": null,
      "sga": null,
      "fcf": 203605000,
      "ocf": 203605000,
      "capex": null,
      "gross_margin": null,
      "op_margin": 0.19035869027213256,
      "fcf_margin": 0.4964389426792903,
      "incr_op_margin_yoy": 0.8045555909525327,
      "rev_growth_yoy": 0.048132237149786476,
      "rev_growth_yoy_accel": -0.047707856899790006,
      "op_leverage_ratio": null,
      "fcf_margin_change": -0.10169279941311898
    },
    {
      "date": "2023-12-31T00:00:00",
      "quarter_label": "2023-12 (Q4)",
      "revenue": 413273000,
      "gross_profit": null,
      "operating_income": 94249000,
      "net_income": 32986000,
      "opex": 344332000,
      "cogs": null,
      "rd": null,
      "sga": null,
      "fcf": 219071000,
      "ocf": 219071000,
      "capex": null,
      "gross_margin": null,
      "op_margin": 0.22805506287611338,
      "fcf_margin": 0.5300878595988608,
      "incr_op_margin_yoy": 0.36571932143643976,
      "rev_growth_yoy": 0.034071801749504575,
      "rev_growth_yoy_accel": -0.014060435400281901,
      "fcf_margin_change": 0.03364891691957056
    },
    {
      "date": "2024-03-31T00:00:00",
      "quarter_label": "2024-03 (Q1)",
      "revenue": 413634000,
      "gross_profit": null,
      "operating_income": 79759000,
      "net_income": 43149000,
      "opex": 350742000,
      "cogs": null,
      "rd": null,
      "sga": 8325000,
      "fcf": 167599000,
      "ocf": 167599000,
      "capex": null,
      "gross_margin": null,
      "op_margin": 0.19282505790142976,
      "fcf_margin": 0.4051867109570296,
      "incr_op_margin_yoy": 0.9637912673056444,
      "rev_growth_yoy": 0.03525224690838921,
      "rev_growth_yoy_accel": 0.0011804451588846368,
      "fcf_margin_change": -0.12490114864183122
    },
    {
      "date": "2024-06-30T00:00:00",
      "quarter_label": "2024-06 (Q2)",
      "revenue": 415320000,
      "gross_profit": null,
      "operating_income": 68666000,
      "net_income": 28883000,
      "opex": 346654000,
      "cogs": null,
      "rd": null,
      "sga": 8974000,
      "fcf": 238462000,
      "ocf": 238462000,
      "capex": null,
      "gross_margin": null,
      "op_margin": 0.16533275546566503,
      "fcf_margin": 0.5741644996629105,
      "incr_op_margin_yoy": -30.43418121054586,
      "rev_growth_yoy": 0.026627248188101287,
      "rev_growth_yoy_accel": -0.008624998720287925,
      "fcf_margin_change": 0.16897778870588087
    },
    {
      "date": "2024-09-30T00:00:00",
      "quarter_label": "2024-09 (Q3)",
      "revenue": 420160000,
      "gross_profit": null,
      "operating_income": 69856000,
      "net_income": 22597000,
      "opex": 350304000,
      "cogs": null,
      "rd": null,
      "sga": 9618000,
      "fcf": 230251000,
      "ocf": 230251000,
      "capex": null,
      "gross_margin": null,
      "op_margin": 0.16626047220106627,
      "fcf_margin": 0.5480079017517137,
      "incr_op_margin_yoy": -0.8192242496759398,
      "rev_growth_yoy": 0.024453162526119704,
      "rev_growth_yoy_accel": -0.0021740856619815833,
      "op_leverage_ratio": 1.1067916338482686,
      "fcf_margin_change": -0.026156597911196844
    },
    {
      "date": "2024-12-31T00:00:00",
      "quarter_label": "2024-12 (Q4)",
      "revenue": 422728000,
      "gross_profit": null,
      "operating_income": 66288000,
      "net_income": -5044000,
      "opex": 356440000,
      "cogs": null,
      "rd": null,
      "sga": null,
      "fcf": 240536000,
      "ocf": 240536000,
      "capex": null,
      "gross_margin": null,
      "op_margin": 0.15681005279990917,
      "fcf_margin": 0.5690089135330519,
      "incr_op_margin_yoy": -2.9572712850343734,
      "rev_growth_yoy": 0.022878339499555984,
      "rev_growth_yoy_accel": -0.0015748230265637195,
      "fcf_margin_change": 0.021001011781338286
    },
    {
      "date": "2025-03-31T00:00:00",
      "quarter_label": "2025-03 (Q1)",
      "revenue": 421948000,
      "gross_profit": null,
      "operating_income": 122195000,
      "net_income": 76720000,
      "opex": 347692000,
      "cogs": null,
      "rd": null,
      "sga": 9492000,
      "fcf": 156216000,
      "ocf": 156216000,
      "capex": null,
      "gross_margin": null,
      "op_margin": 0.2895972963493132,
      "fcf_margin": 0.3702257150170163,
      "incr_op_margin_yoy": 5.104161655039692,
      "rev_growth_yoy": 0.020099895076323513,
      "rev_growth_yoy_accel": -0.0027784444232324713,
      "fcf_margin_change": -0.19878319851603565
    },
    {
      "date": "2025-06-30T00:00:00",
      "quarter_label": "2025-06 (Q2)",
      "revenue": 425399000,
      "gross_profit": null,
      "operating_income": 77389000,
      "net_income": 37673000,
      "opex": 348010000,
      "cogs": null,
      "rd": null,
      "sga": 10006000,
      "fcf": 250329000,
      "ocf": 250329000,
      "capex": null,
      "gross_margin": null,
      "op_margin": 0.18192097301592153,
      "fcf_margin": 0.5884569545297473,
      "incr_op_margin_yoy": 0.8654628435360651,
      "rev_growth_yoy": 0.024268034286814986,
      "rev_growth_yoy_accel": 0.004168139210491473,
      "fcf_margin_change": 0.21823123951273105
    },
    {
      "date": "2025-09-30T00:00:00",
      "quarter_label": "2025-09 (Q3)",
      "revenue": 431864000,
      "gross_profit": null,
      "operating_income": 76356000,
      "net_income": 40409000,
      "opex": 355508000,
      "cogs": null,
      "rd": null,
      "sga": 10530000,
      "fcf": 234935000,
      "ocf": 234935000,
      "capex": null,
      "gross_margin": null,
      "op_margin": 0.17680566104143897,
      "fcf_margin": 0.5440022784950818,
      "incr_op_margin_yoy": 0.5553656869446343,
      "rev_growth_yoy": 0.027856054836252857,
      "rev_growth_yoy_accel": 0.003588020549437871,
      "op_leverage_ratio": 0.7053722205190808,
      "fcf_margin_change": -0.044454676034665574
    },
    {
      "date": "2025-12-31T00:00:00",
      "quarter_label": "2025-12 (Q4)",
      "revenue": 433106000,
      "gross_profit": null,
      "operating_income": 277666000,
      "net_income": 222902000,
      "opex": 350414000,
      "cogs": null,
      "rd": null,
      "sga": null,
      "fcf": 261407000,
      "ocf": 261407000,
      "capex": null,
      "gross_margin": null,
      "op_margin": 0.6411040253425259,
      "fcf_margin": 0.6035635618070403,
      "incr_op_margin_yoy": 20.367893621121603,
      "rev_growth_yoy": 0.024550065290210255,
      "rev_growth_yoy_accel": -0.0033059895460426023,
      "fcf_margin_change": 0.059561283311958535
    }
  ],
  "signals": [
    {
      "quarter": "2025-12 (Q4)",
      "signal": "FCF MARGIN EXPANSION",
      "detail": "FCF margin: +54.4% -> +60.4% (+6.0%)",
      "severity": "MEDIUM"
    },
    {
      "quarter": "2025-12 (Q4)",
      "signal": "INCREMENTAL MARGIN (YoY)",
      "detail": "YoY Incr OPM: +2036.8% vs year-ago OPM: +15.7%",
      "severity": "HIGH"
    },
    {
      "quarter": "2025-09 (Q3)",
      "signal": "INCREMENTAL MARGIN (YoY)",
      "detail": "YoY Incr OPM: +55.5% vs year-ago OPM: +16.6%",
      "severity": "HIGH"
    },
    {
      "quarter": "2025-06 (Q2)",
      "signal": "FCF MARGIN EXPANSION",
      "detail": "FCF margin: +37.0% -> +58.8% (+21.8%)",
      "severity": "MEDIUM"
    },
    {
      "quarter": "2025-06 (Q2)",
      "signal": "INCREMENTAL MARGIN (YoY)",
      "detail": "YoY Incr OPM: +86.5% vs year-ago OPM: +16.5%",
      "severity": "HIGH"
    },
    {
      "quarter": "2025-03 (Q1)",
      "signal": "INCREMENTAL MARGIN (YoY)",
      "detail": "YoY Incr OPM: +510.4% vs year-ago OPM: +19.3%",
      "severity": "HIGH"
    },
    {
      "quarter": "2024-06 (Q2)",
      "signal": "FCF MARGIN EXPANSION",
      "detail": "FCF margin: +40.5% -> +57.4% (+16.9%)",
      "severity": "MEDIUM"
    },
    {
      "quarter": "2024-03 (Q1)",
      "signal": "INCREMENTAL MARGIN (YoY)",
      "detail": "YoY Incr OPM: +96.4% vs year-ago OPM: +16.6%",
      "severity": "HIGH"
    },
    {
      "quarter": "2023-12 (Q4)",
      "signal": "INCREMENTAL MARGIN (YoY)",
      "detail": "YoY Incr OPM: +36.6% vs year-ago OPM: +22.3%",
      "severity": "MEDIUM"
    },
    {
      "quarter": "2023-09 (Q3)",
      "signal": "INCREMENTAL MARGIN (YoY)",
      "detail": "YoY Incr OPM: +80.5% vs year-ago OPM: +16.1%",
      "severity": "HIGH"
    },
    {
      "quarter": "2023-06 (Q2)",
      "signal": "FCF MARGIN EXPANSION",
      "detail": "FCF margin: +42.1% -> +59.8% (+17.8%)",
      "severity": "MEDIUM"
    },
    {
      "quarter": "2023-06 (Q2)",
      "signal": "OPERATING LEVERAGE",
      "detail": "Rev growth +1.3% vs OpEx growth +0.2% (leverage: 7.4x)",
      "severity": "MEDIUM"
    },
    {
      "quarter": "2023-06 (Q2)",
      "signal": "INCREMENTAL MARGIN (YoY)",
      "detail": "YoY Incr OPM: +977.3% vs year-ago OPM: +13.7%",
      "severity": "HIGH"
    },
    {
      "quarter": "2023-03 (Q1)",
      "signal": "INCREMENTAL MARGIN (YoY)",
      "detail": "YoY Incr OPM: +43.3% vs year-ago OPM: +13.4%",
      "severity": "HIGH"
    },
    {
      "quarter": "2022-09 (Q3)",
      "signal": "OPERATING LEVERAGE",
      "detail": "Rev growth +6.0% vs OpEx growth +3.1% (leverage: 1.9x)",
      "severity": "MEDIUM"
    },
    {
      "quarter": "2022-09 (Q3)",
      "signal": "INCREMENTAL MARGIN (YoY)",
      "detail": "YoY Incr OPM: +48.4% vs year-ago OPM: +10.1%",
      "severity": "HIGH"
    },
    {
      "quarter": "2022-06 (Q2)",
      "signal": "FCF MARGIN EXPANSION",
      "detail": "FCF margin: +45.1% -> +64.2% (+19.1%)",
      "severity": "MEDIUM"
    },
    {
      "quarter": "2022-06 (Q2)",
      "signal": "INCREMENTAL MARGIN (YoY)",
      "detail": "YoY Incr OPM: +25.9% vs year-ago OPM: +11.5%",
      "severity": "MEDIUM"
    },
    {
      "quarter": "2021-12 (Q4)",
      "signal": "FCF MARGIN EXPANSION",
      "detail": "FCF margin: +46.4% -> +51.9% (+5.5%)",
      "severity": "MEDIUM"
    },
    {
      "quarter": "2021-06 (Q2)",
      "signal": "FCF MARGIN EXPANSION",
      "detail": "FCF margin: +41.0% -> +66.3% (+25.3%)",
      "severity": "MEDIUM"
    }
  ],
  "data_quality": {
    "n_quarters": 20,
    "coverage": {
      "revenue": [
        20,
        20
      ],
      "gross_profit": [
        0,
        20
      ],
      "op_income": [
        20,
        20
      ],
      "fcf": [
        20,
        20
      ]
    },
    "gaps": [],
    "warnings": [
      "gross_profit: no data"
    ]
  },
  "market_cap": null,
  "source": "SEC EDGAR",
  "last_updated": "2026-02-24T10:32:48.593996"
}