{
  "ticker": "UE",
  "name": "URBAN EDGE PROPERTIES",
  "sector": "Real Estate",
  "industry": "REIT - Retail",
  "quarters": [
    {
      "date": "2021-03-31T00:00:00",
      "quarter_label": "2021-03 (Q1)",
      "revenue": 95661000,
      "gross_profit": null,
      "operating_income": null,
      "net_income": 19920000,
      "opex": null,
      "cogs": null,
      "rd": null,
      "sga": null,
      "fcf": 18825000,
      "ocf": 18825000,
      "capex": null,
      "gross_margin": null,
      "op_margin": null,
      "fcf_margin": 0.19678865995546774
    },
    {
      "date": "2021-06-30T00:00:00",
      "quarter_label": "2021-06 (Q2)",
      "revenue": 94006000,
      "gross_profit": null,
      "operating_income": null,
      "net_income": 12547000,
      "opex": null,
      "cogs": null,
      "rd": null,
      "sga": null,
      "fcf": 34760000,
      "ocf": 34760000,
      "capex": null,
      "gross_margin": null,
      "op_margin": null,
      "fcf_margin": 0.3697636321085888,
      "fcf_margin_change": 0.17297497215312108
    },
    {
      "date": "2021-09-30T00:00:00",
      "quarter_label": "2021-09 (Q3)",
      "revenue": 106839000,
      "gross_profit": null,
      "operating_income": null,
      "net_income": 27766000,
      "opex": null,
      "cogs": null,
      "rd": null,
      "sga": null,
      "fcf": 39552000,
      "ocf": 39552000,
      "capex": null,
      "gross_margin": null,
      "op_margin": null,
      "fcf_margin": 0.37020189256732094,
      "fcf_margin_change": 0.0004382604587321315
    },
    {
      "date": "2021-12-31T00:00:00",
      "quarter_label": "2021-12 (Q4)",
      "revenue": 128576000,
      "gross_profit": null,
      "operating_income": null,
      "net_income": 42453000,
      "opex": null,
      "cogs": null,
      "rd": null,
      "sga": null,
      "fcf": 42136000,
      "ocf": 42136000,
      "capex": null,
      "gross_margin": null,
      "op_margin": null,
      "fcf_margin": 0.3277127924340468,
      "fcf_margin_change": -0.04248910013327417
    },
    {
      "date": "2022-03-31T00:00:00",
      "quarter_label": "2022-03 (Q1)",
      "revenue": 100201000,
      "gross_profit": null,
      "operating_income": null,
      "net_income": 9486000,
      "opex": null,
      "cogs": null,
      "rd": null,
      "sga": null,
      "fcf": 24521000,
      "ocf": 24521000,
      "capex": null,
      "gross_margin": null,
      "op_margin": null,
      "fcf_margin": 0.2447181165856628,
      "rev_growth_yoy": 0.04745925716854309,
      "fcf_margin_change": -0.08299467584838396
    },
    {
      "date": "2022-06-30T00:00:00",
      "quarter_label": "2022-06 (Q2)",
      "revenue": 97854000,
      "gross_profit": null,
      "operating_income": null,
      "net_income": 11626000,
      "opex": null,
      "cogs": null,
      "rd": null,
      "sga": null,
      "fcf": 36455000,
      "ocf": 36455000,
      "capex": null,
      "gross_margin": null,
      "op_margin": null,
      "fcf_margin": 0.37254481165818465,
      "rev_growth_yoy": 0.040933557432504306,
      "rev_growth_yoy_accel": -0.006525699736038781,
      "fcf_margin_change": 0.12782669507252184
    },
    {
      "date": "2022-09-30T00:00:00",
      "quarter_label": "2022-09 (Q3)",
      "revenue": 98290000,
      "gross_profit": null,
      "operating_income": null,
      "net_income": 11383000,
      "opex": null,
      "cogs": null,
      "rd": null,
      "sga": null,
      "fcf": 37696000,
      "ocf": 37696000,
      "capex": null,
      "gross_margin": null,
      "op_margin": null,
      "fcf_margin": 0.38351816054532506,
      "rev_growth_yoy": -0.08001759657054072,
      "rev_growth_yoy_accel": -0.12095115400304503,
      "fcf_margin_change": 0.01097334888714041
    },
    {
      "date": "2022-12-31T00:00:00",
      "quarter_label": "2022-12 (Q4)",
      "revenue": 101593000,
      "gross_profit": null,
      "operating_income": null,
      "net_income": 13675000,
      "opex": null,
      "cogs": null,
      "rd": null,
      "sga": null,
      "fcf": 40946000,
      "ocf": 40946000,
      "capex": null,
      "gross_margin": null,
      "op_margin": null,
      "fcf_margin": 0.4030395794985875,
      "rev_growth_yoy": -0.20986031607765057,
      "rev_growth_yoy_accel": -0.12984271950710985,
      "fcf_margin_change": 0.019521418953262426
    },
    {
      "date": "2023-03-31T00:00:00",
      "quarter_label": "2023-03 (Q1)",
      "revenue": 99441000,
      "gross_profit": null,
      "operating_income": null,
      "net_income": -19118000,
      "opex": null,
      "cogs": null,
      "rd": null,
      "sga": null,
      "fcf": 29422000,
      "ocf": 29422000,
      "capex": null,
      "gross_margin": null,
      "op_margin": null,
      "fcf_margin": 0.29587393529831757,
      "rev_growth_yoy": -0.007584754643167234,
      "rev_growth_yoy_accel": 0.20227556143448333,
      "fcf_margin_change": -0.10716564420026992
    },
    {
      "date": "2023-06-30T00:00:00",
      "quarter_label": "2023-06 (Q2)",
      "revenue": 99065000,
      "gross_profit": null,
      "operating_income": null,
      "net_income": 10262000,
      "opex": null,
      "cogs": null,
      "rd": null,
      "sga": null,
      "fcf": 39027000,
      "ocf": 39027000,
      "capex": null,
      "gross_margin": null,
      "op_margin": null,
      "fcf_margin": 0.39395346489678496,
      "rev_growth_yoy": 0.01237557994563329,
      "rev_growth_yoy_accel": 0.019960334588800525,
      "fcf_margin_change": 0.09807952959846739
    },
    {
      "date": "2023-09-30T00:00:00",
      "quarter_label": "2023-09 (Q3)",
      "revenue": 101834000,
      "gross_profit": null,
      "operating_income": null,
      "net_income": 36118000,
      "opex": null,
      "cogs": null,
      "rd": null,
      "sga": null,
      "fcf": 34403000,
      "ocf": 34403000,
      "capex": null,
      "gross_margin": null,
      "op_margin": null,
      "fcf_margin": 0.33783412219887266,
      "rev_growth_yoy": 0.03605656730084444,
      "rev_growth_yoy_accel": 0.023680987355211146,
      "fcf_margin_change": -0.0561193426979123
    },
    {
      "date": "2023-12-31T00:00:00",
      "quarter_label": "2023-12 (Q4)",
      "revenue": 116582000,
      "gross_profit": null,
      "operating_income": null,
      "net_income": 221235000,
      "opex": null,
      "cogs": null,
      "rd": null,
      "sga": null,
      "fcf": 60163000,
      "ocf": 60163000,
      "capex": null,
      "gross_margin": null,
      "op_margin": null,
      "fcf_margin": 0.5160573673465887,
      "rev_growth_yoy": 0.14753969269536288,
      "rev_growth_yoy_accel": 0.11148312539451843,
      "fcf_margin_change": 0.17822324514771604
    },
    {
      "date": "2024-03-31T00:00:00",
      "quarter_label": "2024-03 (Q1)",
      "revenue": 109626000,
      "gross_profit": null,
      "operating_income": null,
      "net_income": 2603000,
      "opex": null,
      "cogs": null,
      "rd": null,
      "sga": null,
      "fcf": 22922000,
      "ocf": 22922000,
      "capex": null,
      "gross_margin": null,
      "op_margin": null,
      "fcf_margin": 0.20909273347563534,
      "rev_growth_yoy": 0.10242254200983497,
      "rev_growth_yoy_accel": -0.04511715068552791,
      "fcf_margin_change": -0.30696463387095335
    },
    {
      "date": "2024-06-30T00:00:00",
      "quarter_label": "2024-06 (Q2)",
      "revenue": 106546000,
      "gross_profit": null,
      "operating_income": null,
      "net_income": 30759000,
      "opex": null,
      "cogs": null,
      "rd": null,
      "sga": null,
      "fcf": 41236000,
      "ocf": 41236000,
      "capex": null,
      "gross_margin": null,
      "op_margin": null,
      "fcf_margin": 0.38702532239596044,
      "rev_growth_yoy": 0.07551607530409327,
      "rev_growth_yoy_accel": -0.026906466705741705,
      "fcf_margin_change": 0.1779325889203251
    },
    {
      "date": "2024-09-30T00:00:00",
      "quarter_label": "2024-09 (Q3)",
      "revenue": 112427000,
      "gross_profit": null,
      "operating_income": null,
      "net_income": 9080000,
      "opex": null,
      "cogs": null,
      "rd": null,
      "sga": null,
      "fcf": 36580000,
      "ocf": 36580000,
      "capex": null,
      "gross_margin": null,
      "op_margin": null,
      "fcf_margin": 0.32536668238056693,
      "rev_growth_yoy": 0.10402223226034527,
      "rev_growth_yoy_accel": 0.028506156956252,
      "fcf_margin_change": -0.06165864001539351
    },
    {
      "date": "2024-12-31T00:00:00",
      "quarter_label": "2024-12 (Q4)",
      "revenue": 116367000,
      "gross_profit": null,
      "operating_income": null,
      "net_income": 30121000,
      "opex": null,
      "cogs": null,
      "rd": null,
      "sga": null,
      "fcf": 52439000,
      "ocf": 52439000,
      "capex": null,
      "gross_margin": null,
      "op_margin": null,
      "fcf_margin": 0.45063463009272386,
      "rev_growth_yoy": -0.001844195501878506,
      "rev_growth_yoy_accel": -0.10586642776222377,
      "fcf_margin_change": 0.12526794771215694
    },
    {
      "date": "2025-03-31T00:00:00",
      "quarter_label": "2025-03 (Q1)",
      "revenue": 118165000,
      "gross_profit": null,
      "operating_income": null,
      "net_income": 8198000,
      "opex": null,
      "cogs": null,
      "rd": null,
      "sga": null,
      "fcf": 32582000,
      "ocf": 32582000,
      "capex": null,
      "gross_margin": null,
      "op_margin": null,
      "fcf_margin": 0.2757330850928786,
      "rev_growth_yoy": 0.07789210588728951,
      "rev_growth_yoy_accel": 0.07973630138916801,
      "fcf_margin_change": -0.17490154499984528
    },
    {
      "date": "2025-06-30T00:00:00",
      "quarter_label": "2025-06 (Q2)",
      "revenue": 114084000,
      "gross_profit": null,
      "operating_income": null,
      "net_income": 57978000,
      "opex": null,
      "cogs": null,
      "rd": null,
      "sga": null,
      "fcf": 43457000,
      "ocf": 43457000,
      "capex": null,
      "gross_margin": null,
      "op_margin": null,
      "fcf_margin": 0.38092107569860806,
      "rev_growth_yoy": 0.07074878456253637,
      "rev_growth_yoy_accel": -0.007143321324753135,
      "fcf_margin_change": 0.10518799060572948
    },
    {
      "date": "2025-09-30T00:00:00",
      "quarter_label": "2025-09 (Q3)",
      "revenue": 120126000,
      "gross_profit": null,
      "operating_income": null,
      "net_income": 14935000,
      "opex": null,
      "cogs": null,
      "rd": null,
      "sga": null,
      "fcf": 55695000,
      "ocf": 55695000,
      "capex": null,
      "gross_margin": null,
      "op_margin": null,
      "fcf_margin": 0.46363817991109335,
      "rev_growth_yoy": 0.06847999146112589,
      "rev_growth_yoy_accel": -0.0022687931014104823,
      "fcf_margin_change": 0.08271710421248529
    },
    {
      "date": "2025-12-31T00:00:00",
      "quarter_label": "2025-12 (Q4)",
      "revenue": 119560000,
      "gross_profit": null,
      "operating_income": null,
      "net_income": 12424000,
      "opex": null,
      "cogs": null,
      "rd": null,
      "sga": null,
      "fcf": 50985000,
      "ocf": 50985000,
      "capex": null,
      "gross_margin": null,
      "op_margin": null,
      "fcf_margin": 0.4264386082301773,
      "rev_growth_yoy": 0.027439050589943885,
      "rev_growth_yoy_accel": -0.041040940871182006,
      "fcf_margin_change": -0.03719957168091603
    }
  ],
  "signals": [
    {
      "quarter": "2025-09 (Q3)",
      "signal": "FCF MARGIN EXPANSION",
      "detail": "FCF margin: +38.1% -> +46.4% (+8.3%)",
      "severity": "MEDIUM"
    },
    {
      "quarter": "2025-06 (Q2)",
      "signal": "FCF MARGIN EXPANSION",
      "detail": "FCF margin: +27.6% -> +38.1% (+10.5%)",
      "severity": "MEDIUM"
    },
    {
      "quarter": "2025-03 (Q1)",
      "signal": "YoY REVENUE GROWTH ACCELERATION",
      "detail": "YoY growth: +7.8% vs prior quarter YoY: -0.2% (accel: +8.0%)",
      "severity": "MEDIUM"
    },
    {
      "quarter": "2024-12 (Q4)",
      "signal": "FCF MARGIN EXPANSION",
      "detail": "FCF margin: +32.5% -> +45.1% (+12.5%)",
      "severity": "MEDIUM"
    },
    {
      "quarter": "2024-12 (Q4)",
      "signal": "YoY REVENUE GROWTH DECELERATION",
      "detail": "YoY growth: -0.2% vs prior quarter YoY: +10.4% (decel: -10.6%)",
      "severity": "WARNING"
    },
    {
      "quarter": "2024-06 (Q2)",
      "signal": "FCF MARGIN EXPANSION",
      "detail": "FCF margin: +20.9% -> +38.7% (+17.8%)",
      "severity": "MEDIUM"
    },
    {
      "quarter": "2023-12 (Q4)",
      "signal": "FCF MARGIN EXPANSION",
      "detail": "FCF margin: +33.8% -> +51.6% (+17.8%)",
      "severity": "MEDIUM"
    },
    {
      "quarter": "2023-12 (Q4)",
      "signal": "YoY REVENUE GROWTH ACCELERATION",
      "detail": "YoY growth: +14.8% vs prior quarter YoY: +3.6% (accel: +11.1%)",
      "severity": "MEDIUM"
    },
    {
      "quarter": "2023-06 (Q2)",
      "signal": "FCF MARGIN EXPANSION",
      "detail": "FCF margin: +29.6% -> +39.4% (+9.8%)",
      "severity": "MEDIUM"
    },
    {
      "quarter": "2023-03 (Q1)",
      "signal": "YoY REVENUE GROWTH ACCELERATION",
      "detail": "YoY growth: -0.8% vs prior quarter YoY: -21.0% (accel: +20.2%)",
      "severity": "HIGH"
    },
    {
      "quarter": "2022-12 (Q4)",
      "signal": "YoY REVENUE GROWTH DECELERATION",
      "detail": "YoY growth: -21.0% vs prior quarter YoY: -8.0% (decel: -13.0%)",
      "severity": "WARNING"
    },
    {
      "quarter": "2022-09 (Q3)",
      "signal": "YoY REVENUE GROWTH DECELERATION",
      "detail": "YoY growth: -8.0% vs prior quarter YoY: +4.1% (decel: -12.1%)",
      "severity": "WARNING"
    },
    {
      "quarter": "2022-06 (Q2)",
      "signal": "FCF MARGIN EXPANSION",
      "detail": "FCF margin: +24.5% -> +37.3% (+12.8%)",
      "severity": "MEDIUM"
    },
    {
      "quarter": "2021-06 (Q2)",
      "signal": "FCF MARGIN EXPANSION",
      "detail": "FCF margin: +19.7% -> +37.0% (+17.3%)",
      "severity": "MEDIUM"
    }
  ],
  "data_quality": {
    "n_quarters": 20,
    "coverage": {
      "revenue": [
        20,
        20
      ],
      "gross_profit": [
        0,
        20
      ],
      "op_income": [
        0,
        20
      ],
      "fcf": [
        20,
        20
      ]
    },
    "gaps": [],
    "warnings": [
      "gross_profit: no data",
      "op_income: no data"
    ]
  },
  "market_cap": null,
  "source": "SEC EDGAR",
  "last_updated": "2026-02-13T11:44:39.925347"
}