{
  "ticker": "UFCS",
  "name": "United Fire Group Inc",
  "quarters": [
    {
      "date": "2020-12-31T00:00:00",
      "quarter_label": "2020-12 (Q4)",
      "revenue": 310898000,
      "gross_profit": null,
      "operating_income": null,
      "net_income": -8891000,
      "opex": null,
      "cogs": null,
      "rd": null,
      "sga": null,
      "fcf": 54303000,
      "ocf": 54303000,
      "capex": null,
      "gross_margin": null,
      "op_margin": null,
      "fcf_margin": 0.17466500266968588
    },
    {
      "date": "2021-03-31T00:00:00",
      "quarter_label": "2021-03 (Q1)",
      "revenue": 300735000,
      "gross_profit": null,
      "operating_income": null,
      "net_income": 18702000,
      "opex": null,
      "cogs": null,
      "rd": null,
      "sga": null,
      "fcf": 19510000,
      "ocf": 19510000,
      "capex": null,
      "gross_margin": null,
      "op_margin": null,
      "fcf_margin": 0.0648743910751991,
      "fcf_margin_change": -0.10979061159448678
    },
    {
      "date": "2021-06-30T00:00:00",
      "quarter_label": "2021-06 (Q2)",
      "revenue": 244412000,
      "gross_profit": null,
      "operating_income": null,
      "net_income": 13750000,
      "opex": null,
      "cogs": null,
      "rd": null,
      "sga": null,
      "fcf": 15320000,
      "ocf": 15320000,
      "capex": null,
      "gross_margin": null,
      "op_margin": null,
      "fcf_margin": 0.06268104675711504,
      "fcf_margin_change": -0.002193344318084059
    },
    {
      "date": "2021-09-30T00:00:00",
      "quarter_label": "2021-09 (Q3)",
      "revenue": 248543000,
      "gross_profit": null,
      "operating_income": null,
      "net_income": -9593000,
      "opex": null,
      "cogs": null,
      "rd": null,
      "sga": null,
      "fcf": -16642000,
      "ocf": -16642000,
      "capex": null,
      "gross_margin": null,
      "op_margin": null,
      "fcf_margin": -0.06695823257947317,
      "fcf_margin_change": -0.1296392793365882
    },
    {
      "date": "2021-12-31T00:00:00",
      "quarter_label": "2021-12 (Q4)",
      "revenue": 272501000,
      "gross_profit": null,
      "operating_income": null,
      "net_income": 57735000,
      "opex": null,
      "cogs": null,
      "rd": null,
      "sga": null,
      "fcf": 11729000,
      "ocf": 11729000,
      "capex": null,
      "gross_margin": null,
      "op_margin": null,
      "fcf_margin": 0.043042043882407774,
      "rev_growth_yoy": -0.12350352848844315,
      "fcf_margin_change": 0.11000027646188094
    },
    {
      "date": "2022-03-31T00:00:00",
      "quarter_label": "2022-03 (Q1)",
      "revenue": 245014000,
      "gross_profit": null,
      "operating_income": null,
      "net_income": 28349000,
      "opex": null,
      "cogs": null,
      "rd": null,
      "sga": null,
      "fcf": 1595000,
      "ocf": 1595000,
      "capex": null,
      "gross_margin": null,
      "op_margin": null,
      "fcf_margin": 0.00650983209122744,
      "rev_growth_yoy": -0.1852827239928841,
      "rev_growth_yoy_accel": -0.06177919550444094,
      "fcf_margin_change": -0.03653221179118033
    },
    {
      "date": "2022-06-30T00:00:00",
      "quarter_label": "2022-06 (Q2)",
      "revenue": 219536000,
      "gross_profit": null,
      "operating_income": null,
      "net_income": -10457000,
      "opex": null,
      "cogs": null,
      "rd": null,
      "sga": null,
      "fcf": -17469000,
      "ocf": -17469000,
      "capex": null,
      "gross_margin": null,
      "op_margin": null,
      "fcf_margin": -0.07957237081845346,
      "rev_growth_yoy": -0.10177896338968627,
      "rev_growth_yoy_accel": 0.08350376060319782,
      "fcf_margin_change": -0.0860822029096809
    },
    {
      "date": "2022-09-30T00:00:00",
      "quarter_label": "2022-09 (Q3)",
      "revenue": 235573000,
      "gross_profit": null,
      "operating_income": null,
      "net_income": -22981000,
      "opex": null,
      "cogs": null,
      "rd": null,
      "sga": null,
      "fcf": -13919000,
      "ocf": -13919000,
      "capex": null,
      "gross_margin": null,
      "op_margin": null,
      "fcf_margin": -0.05908571865196775,
      "rev_growth_yoy": -0.052184129104420565,
      "rev_growth_yoy_accel": 0.049594834285265704,
      "fcf_margin_change": 0.020486652166485708
    },
    {
      "date": "2022-12-31T00:00:00",
      "quarter_label": "2022-12 (Q4)",
      "revenue": 280163000,
      "gross_profit": null,
      "operating_income": null,
      "net_income": 20120000,
      "opex": null,
      "cogs": null,
      "rd": null,
      "sga": null,
      "fcf": 28542000,
      "ocf": 28542000,
      "capex": null,
      "gross_margin": null,
      "op_margin": null,
      "fcf_margin": 0.10187640766268208,
      "rev_growth_yoy": 0.02811732800980547,
      "rev_growth_yoy_accel": 0.08030145711422604,
      "fcf_margin_change": 0.16096212631464984
    },
    {
      "date": "2023-03-31T00:00:00",
      "quarter_label": "2023-03 (Q1)",
      "revenue": 267104000,
      "gross_profit": null,
      "operating_income": null,
      "net_income": 694000,
      "opex": null,
      "cogs": null,
      "rd": null,
      "sga": null,
      "fcf": -6786000,
      "ocf": -6786000,
      "capex": null,
      "gross_margin": null,
      "op_margin": null,
      "fcf_margin": -0.025405834431532288,
      "rev_growth_yoy": 0.09015811341392736,
      "rev_growth_yoy_accel": 0.06204078540412189,
      "fcf_margin_change": -0.12728224209421438
    },
    {
      "date": "2023-06-30T00:00:00",
      "quarter_label": "2023-06 (Q2)",
      "revenue": 267089000,
      "gross_profit": null,
      "operating_income": null,
      "net_income": -56382000,
      "opex": null,
      "cogs": null,
      "rd": null,
      "sga": null,
      "fcf": 44650000,
      "ocf": 44650000,
      "capex": null,
      "gross_margin": null,
      "op_margin": null,
      "fcf_margin": 0.1671727401727514,
      "rev_growth_yoy": 0.21660684352452445,
      "rev_growth_yoy_accel": 0.1264487301105971,
      "fcf_margin_change": 0.1925785746042837
    },
    {
      "date": "2023-09-30T00:00:00",
      "quarter_label": "2023-09 (Q3)",
      "revenue": 273955000,
      "gross_profit": null,
      "operating_income": null,
      "net_income": 6380000,
      "opex": null,
      "cogs": null,
      "rd": null,
      "sga": null,
      "fcf": 111642000,
      "ocf": 111642000,
      "capex": null,
      "gross_margin": null,
      "op_margin": null,
      "fcf_margin": 0.40751948312679087,
      "rev_growth_yoy": 0.16293038675909377,
      "rev_growth_yoy_accel": -0.053676456765430675,
      "fcf_margin_change": 0.24034674295403946
    },
    {
      "date": "2023-12-31T00:00:00",
      "quarter_label": "2023-12 (Q4)",
      "revenue": 287319000,
      "gross_profit": null,
      "operating_income": null,
      "net_income": 19608000,
      "opex": null,
      "cogs": null,
      "rd": null,
      "sga": null,
      "fcf": 22230000,
      "ocf": 22230000,
      "capex": null,
      "gross_margin": null,
      "op_margin": null,
      "fcf_margin": 0.07737044887389974,
      "rev_growth_yoy": 0.025542273605008513,
      "rev_growth_yoy_accel": -0.13738811315408525,
      "fcf_margin_change": -0.3301490342528911
    },
    {
      "date": "2024-03-31T00:00:00",
      "quarter_label": "2024-03 (Q1)",
      "revenue": 295999000,
      "gross_profit": null,
      "operating_income": null,
      "net_income": 13502000,
      "opex": null,
      "cogs": null,
      "rd": null,
      "sga": null,
      "fcf": 36161000,
      "ocf": 36161000,
      "capex": null,
      "gross_margin": null,
      "op_margin": null,
      "fcf_margin": 0.12216595326335562,
      "rev_growth_yoy": 0.10817883670779921,
      "rev_growth_yoy_accel": 0.08263656310279069,
      "fcf_margin_change": 0.044795504389455884
    },
    {
      "date": "2024-06-30T00:00:00",
      "quarter_label": "2024-06 (Q2)",
      "revenue": 301169000,
      "gross_profit": null,
      "operating_income": null,
      "net_income": -2735000,
      "opex": null,
      "cogs": null,
      "rd": null,
      "sga": null,
      "fcf": 91346000,
      "ocf": 91346000,
      "capex": null,
      "gross_margin": null,
      "op_margin": null,
      "fcf_margin": 0.30330478900550856,
      "rev_growth_yoy": 0.12759791679926916,
      "rev_growth_yoy_accel": 0.019419080091469948,
      "fcf_margin_change": 0.18113883574215295
    },
    {
      "date": "2024-09-30T00:00:00",
      "quarter_label": "2024-09 (Q3)",
      "revenue": 322964000,
      "gross_profit": null,
      "operating_income": null,
      "net_income": 19748000,
      "opex": null,
      "cogs": null,
      "rd": null,
      "sga": null,
      "fcf": 56504000,
      "ocf": 56504000,
      "capex": null,
      "gross_margin": null,
      "op_margin": null,
      "fcf_margin": 0.17495448409110612,
      "rev_growth_yoy": 0.17889434396159953,
      "rev_growth_yoy_accel": 0.05129642716233038,
      "fcf_margin_change": -0.12835030491440244
    },
    {
      "date": "2024-12-31T00:00:00",
      "quarter_label": "2024-12 (Q4)",
      "revenue": 333175000,
      "gross_profit": null,
      "operating_income": null,
      "net_income": 31442000,
      "opex": null,
      "cogs": null,
      "rd": null,
      "sga": null,
      "fcf": 156293000,
      "ocf": 156293000,
      "capex": null,
      "gross_margin": null,
      "op_margin": null,
      "fcf_margin": 0.4691018233660989,
      "rev_growth_yoy": 0.15959960879719057,
      "rev_growth_yoy_accel": -0.019294735164408966,
      "fcf_margin_change": 0.2941473392749928
    },
    {
      "date": "2025-03-31T00:00:00",
      "quarter_label": "2025-03 (Q1)",
      "revenue": 331115000,
      "gross_profit": null,
      "operating_income": null,
      "net_income": 17700000,
      "opex": null,
      "cogs": null,
      "rd": null,
      "sga": null,
      "fcf": 35674000,
      "ocf": 35674000,
      "capex": null,
      "gross_margin": null,
      "op_margin": null,
      "fcf_margin": 0.10773900306540024,
      "rev_growth_yoy": 0.11863553593086464,
      "rev_growth_yoy_accel": -0.04096407286632593,
      "fcf_margin_change": -0.36136282030069866
    },
    {
      "date": "2025-06-30T00:00:00",
      "quarter_label": "2025-06 (Q2)",
      "revenue": 335473000,
      "gross_profit": null,
      "operating_income": null,
      "net_income": 22947000,
      "opex": null,
      "cogs": null,
      "rd": null,
      "sga": null,
      "fcf": 53390000,
      "ocf": 53390000,
      "capex": null,
      "gross_margin": null,
      "op_margin": null,
      "fcf_margin": 0.15914842625188913,
      "rev_growth_yoy": 0.11390282532398753,
      "rev_growth_yoy_accel": -0.004732710606877105,
      "fcf_margin_change": 0.05140942318648889
    },
    {
      "date": "2025-09-30T00:00:00",
      "quarter_label": "2025-09 (Q3)",
      "revenue": 354018000,
      "gross_profit": null,
      "operating_income": null,
      "net_income": 39190000,
      "opex": null,
      "cogs": null,
      "rd": null,
      "sga": null,
      "fcf": 60847000,
      "ocf": 60847000,
      "capex": null,
      "gross_margin": null,
      "op_margin": null,
      "fcf_margin": 0.17187544136173866,
      "rev_growth_yoy": 0.09615313161838471,
      "rev_growth_yoy_accel": -0.017749693705602823,
      "fcf_margin_change": 0.012727015109849527
    }
  ],
  "signals": [
    {
      "quarter": "2025-06 (Q2)",
      "signal": "FCF MARGIN EXPANSION",
      "detail": "FCF margin: +10.8% -> +15.9% (+5.1%)",
      "severity": "MEDIUM"
    },
    {
      "quarter": "2024-12 (Q4)",
      "signal": "FCF MARGIN EXPANSION",
      "detail": "FCF margin: +17.5% -> +46.9% (+29.4%)",
      "severity": "MEDIUM"
    },
    {
      "quarter": "2024-09 (Q3)",
      "signal": "YoY REVENUE GROWTH ACCELERATION",
      "detail": "YoY growth: +17.9% vs prior quarter YoY: +12.8% (accel: +5.1%)",
      "severity": "MEDIUM"
    },
    {
      "quarter": "2024-06 (Q2)",
      "signal": "FCF MARGIN EXPANSION",
      "detail": "FCF margin: +12.2% -> +30.3% (+18.1%)",
      "severity": "MEDIUM"
    },
    {
      "quarter": "2024-03 (Q1)",
      "signal": "YoY REVENUE GROWTH ACCELERATION",
      "detail": "YoY growth: +10.8% vs prior quarter YoY: +2.6% (accel: +8.3%)",
      "severity": "MEDIUM"
    },
    {
      "quarter": "2023-12 (Q4)",
      "signal": "YoY REVENUE GROWTH DECELERATION",
      "detail": "YoY growth: +2.6% vs prior quarter YoY: +16.3% (decel: -13.7%)",
      "severity": "WARNING"
    },
    {
      "quarter": "2023-09 (Q3)",
      "signal": "FCF MARGIN EXPANSION",
      "detail": "FCF margin: +16.7% -> +40.8% (+24.0%)",
      "severity": "MEDIUM"
    },
    {
      "quarter": "2023-09 (Q3)",
      "signal": "YoY REVENUE GROWTH DECELERATION",
      "detail": "YoY growth: +16.3% vs prior quarter YoY: +21.7% (decel: -5.4%)",
      "severity": "WARNING"
    },
    {
      "quarter": "2023-06 (Q2)",
      "signal": "FCF TURNED POSITIVE",
      "detail": "FCF margin: -2.5% -> +16.7%",
      "severity": "HIGH"
    },
    {
      "quarter": "2023-06 (Q2)",
      "signal": "YoY REVENUE GROWTH ACCELERATION",
      "detail": "YoY growth: +21.7% vs prior quarter YoY: +9.0% (accel: +12.6%)",
      "severity": "MEDIUM"
    },
    {
      "quarter": "2023-03 (Q1)",
      "signal": "YoY REVENUE GROWTH ACCELERATION",
      "detail": "YoY growth: +9.0% vs prior quarter YoY: +2.8% (accel: +6.2%)",
      "severity": "MEDIUM"
    },
    {
      "quarter": "2022-12 (Q4)",
      "signal": "FCF TURNED POSITIVE",
      "detail": "FCF margin: -5.9% -> +10.2%",
      "severity": "HIGH"
    },
    {
      "quarter": "2022-12 (Q4)",
      "signal": "YoY REVENUE GROWTH ACCELERATION",
      "detail": "YoY growth: +2.8% vs prior quarter YoY: -5.2% (accel: +8.0%)",
      "severity": "MEDIUM"
    },
    {
      "quarter": "2022-06 (Q2)",
      "signal": "YoY REVENUE GROWTH ACCELERATION",
      "detail": "YoY growth: -10.2% vs prior quarter YoY: -18.5% (accel: +8.4%)",
      "severity": "MEDIUM"
    },
    {
      "quarter": "2022-03 (Q1)",
      "signal": "YoY REVENUE GROWTH DECELERATION",
      "detail": "YoY growth: -18.5% vs prior quarter YoY: -12.4% (decel: -6.2%)",
      "severity": "WARNING"
    },
    {
      "quarter": "2021-12 (Q4)",
      "signal": "FCF TURNED POSITIVE",
      "detail": "FCF margin: -6.7% -> +4.3%",
      "severity": "HIGH"
    }
  ],
  "data_quality": {
    "n_quarters": 20,
    "coverage": {
      "revenue": [
        20,
        20
      ],
      "gross_profit": [
        0,
        20
      ],
      "op_income": [
        0,
        20
      ],
      "fcf": [
        20,
        20
      ]
    },
    "gaps": [],
    "warnings": [
      "gross_profit: no data",
      "op_income: no data"
    ]
  },
  "market_cap": null,
  "source": "SEC EDGAR",
  "last_updated": "2026-02-02T22:05:13.881872"
}