{
  "ticker": "UGA",
  "name": "UNITED STATES GASOLINE FUND, LP",
  "quarters": [
    {
      "date": "2020-12-31T00:00:00",
      "quarter_label": "2020-12 (Q4)",
      "revenue": 14978433,
      "gross_profit": null,
      "operating_income": null,
      "net_income": 14831640,
      "opex": 198972,
      "cogs": null,
      "rd": null,
      "sga": null,
      "fcf": 14036752,
      "ocf": 14036752,
      "capex": null,
      "gross_margin": null,
      "op_margin": null,
      "fcf_margin": 0.9371308734364937
    },
    {
      "date": "2021-03-31T00:00:00",
      "quarter_label": "2021-03 (Q1)",
      "revenue": 23821985,
      "gross_profit": null,
      "operating_income": null,
      "net_income": 23637937,
      "opex": 219445,
      "cogs": null,
      "rd": null,
      "sga": null,
      "fcf": 30290304,
      "ocf": 30290304,
      "capex": null,
      "gross_margin": null,
      "op_margin": null,
      "fcf_margin": 1.2715272887628801,
      "op_leverage_ratio": 5.7381359250866435,
      "fcf_margin_change": 0.3343964153263864
    },
    {
      "date": "2021-06-30T00:00:00",
      "quarter_label": "2021-06 (Q2)",
      "revenue": 15495508,
      "gross_profit": null,
      "operating_income": null,
      "net_income": 15221567,
      "opex": 297117,
      "cogs": null,
      "rd": null,
      "sga": null,
      "fcf": 5974745,
      "ocf": 5974745,
      "capex": null,
      "gross_margin": null,
      "op_margin": null,
      "fcf_margin": 0.385579162683792,
      "fcf_margin_change": -0.8859481260790881
    },
    {
      "date": "2021-09-30T00:00:00",
      "quarter_label": "2021-09 (Q3)",
      "revenue": 4944989,
      "gross_profit": null,
      "operating_income": null,
      "net_income": 4721655,
      "opex": 223334,
      "cogs": null,
      "rd": null,
      "sga": null,
      "fcf": 6809304,
      "ocf": 6809304,
      "capex": null,
      "gross_margin": null,
      "op_margin": null,
      "fcf_margin": 1.3770109498726892,
      "fcf_margin_change": 0.9914317871888972
    },
    {
      "date": "2021-12-31T00:00:00",
      "quarter_label": "2021-12 (Q4)",
      "revenue": 4883133,
      "gross_profit": null,
      "operating_income": null,
      "net_income": 4675929,
      "opex": 207204,
      "cogs": null,
      "rd": null,
      "sga": null,
      "fcf": 3401472,
      "ocf": 3401472,
      "capex": null,
      "gross_margin": null,
      "op_margin": null,
      "fcf_margin": 0.696575743482719,
      "rev_growth_yoy": -0.6739890614725853,
      "fcf_margin_change": -0.6804352063899702
    },
    {
      "date": "2022-03-31T00:00:00",
      "quarter_label": "2022-03 (Q1)",
      "revenue": 25426027,
      "gross_profit": null,
      "operating_income": null,
      "net_income": 25206169,
      "opex": 219858,
      "cogs": null,
      "rd": null,
      "sga": null,
      "fcf": 29894383,
      "ocf": 29894383,
      "capex": null,
      "gross_margin": null,
      "op_margin": null,
      "fcf_margin": 1.1757394499738398,
      "rev_growth_yoy": 0.06733452313062913,
      "rev_growth_yoy_accel": 0.7413235846032145,
      "op_leverage_ratio": 68.88638221363775,
      "fcf_margin_change": 0.47916370649112083
    },
    {
      "date": "2022-06-30T00:00:00",
      "quarter_label": "2022-06 (Q2)",
      "revenue": 20019676,
      "gross_profit": null,
      "operating_income": null,
      "net_income": 19723104,
      "opex": 296572,
      "cogs": null,
      "rd": null,
      "sga": null,
      "fcf": 30469038,
      "ocf": 30469038,
      "capex": null,
      "gross_margin": null,
      "op_margin": null,
      "fcf_margin": 1.5219546010634737,
      "rev_growth_yoy": 0.2919664202038423,
      "rev_growth_yoy_accel": 0.22463189707321315,
      "fcf_margin_change": 0.34621515108963385
    },
    {
      "date": "2022-09-30T00:00:00",
      "quarter_label": "2022-09 (Q3)",
      "revenue": -26669788,
      "gross_profit": null,
      "operating_income": null,
      "net_income": -26938050,
      "opex": 268262,
      "cogs": null,
      "rd": null,
      "sga": null,
      "fcf": -38720684,
      "ocf": -38720684,
      "capex": null,
      "gross_margin": null,
      "op_margin": null,
      "fcf_margin": 1.4518557102891108,
      "rev_growth_yoy": -6.393295718150233,
      "rev_growth_yoy_accel": -6.685262138354075,
      "fcf_margin_change": -0.07009889077436293
    },
    {
      "date": "2022-12-31T00:00:00",
      "quarter_label": "2022-12 (Q4)",
      "revenue": 9639871,
      "gross_profit": null,
      "operating_income": null,
      "net_income": 9379876,
      "opex": 259995,
      "cogs": null,
      "rd": null,
      "sga": null,
      "fcf": -2302358,
      "ocf": -2302358,
      "capex": null,
      "gross_margin": null,
      "op_margin": null,
      "fcf_margin": -0.23883701348285677,
      "rev_growth_yoy": 0.9741160029841497,
      "rev_growth_yoy_accel": 7.367411721134382,
      "fcf_margin_change": -1.6906927237719676
    },
    {
      "date": "2023-03-31T00:00:00",
      "quarter_label": "2023-03 (Q1)",
      "revenue": 2205975,
      "gross_profit": null,
      "operating_income": null,
      "net_income": 1961375,
      "opex": 244600,
      "cogs": null,
      "rd": null,
      "sga": null,
      "fcf": 7461154,
      "ocf": 7461154,
      "capex": null,
      "gross_margin": null,
      "op_margin": null,
      "fcf_margin": 3.382247758927458,
      "rev_growth_yoy": -0.9132394927449735,
      "rev_growth_yoy_accel": -1.8873554957291232,
      "fcf_margin_change": 3.621084772410315
    },
    {
      "date": "2023-06-30T00:00:00",
      "quarter_label": "2023-06 (Q2)",
      "revenue": 1941459,
      "gross_profit": null,
      "operating_income": null,
      "net_income": 1709596,
      "opex": 231863,
      "cogs": null,
      "rd": null,
      "sga": null,
      "fcf": 8733118,
      "ocf": 8733118,
      "capex": null,
      "gross_margin": null,
      "op_margin": null,
      "fcf_margin": 4.498224273600421,
      "rev_growth_yoy": -0.9030224565072882,
      "rev_growth_yoy_accel": 0.010217036237685329,
      "fcf_margin_change": 1.1159765146729628
    },
    {
      "date": "2023-09-30T00:00:00",
      "quarter_label": "2023-09 (Q3)",
      "revenue": 5491883,
      "gross_profit": null,
      "operating_income": null,
      "net_income": 5266594,
      "opex": 225289,
      "cogs": null,
      "rd": null,
      "sga": null,
      "fcf": 11943050,
      "ocf": 11943050,
      "capex": null,
      "gross_margin": null,
      "op_margin": null,
      "fcf_margin": 2.174673058402737,
      "op_leverage_ratio": Infinity,
      "fcf_margin_change": -2.323551215197684
    },
    {
      "date": "2023-12-31T00:00:00",
      "quarter_label": "2023-12 (Q4)",
      "revenue": -8218935,
      "gross_profit": null,
      "operating_income": null,
      "net_income": -8398509,
      "opex": 179574,
      "cogs": null,
      "rd": null,
      "sga": null,
      "fcf": -14569285,
      "ocf": -14569285,
      "capex": null,
      "gross_margin": null,
      "op_margin": null,
      "fcf_margin": 1.772648767753973,
      "rev_growth_yoy": -1.852598027504725,
      "fcf_margin_change": -0.4020242906487641
    },
    {
      "date": "2024-03-31T00:00:00",
      "quarter_label": "2024-03 (Q1)",
      "revenue": 16134936,
      "gross_profit": null,
      "operating_income": null,
      "net_income": 15923170,
      "opex": 211766,
      "cogs": null,
      "rd": null,
      "sga": null,
      "fcf": 12835798,
      "ocf": 12835798,
      "capex": null,
      "gross_margin": null,
      "op_margin": null,
      "fcf_margin": 0.7955282871899833,
      "rev_growth_yoy": 6.314197123720803,
      "rev_growth_yoy_accel": 8.166795151225529,
      "fcf_margin_change": -0.9771204805639898
    },
    {
      "date": "2024-06-30T00:00:00",
      "quarter_label": "2024-06 (Q2)",
      "revenue": -3528867,
      "gross_profit": null,
      "operating_income": null,
      "net_income": -3765268,
      "opex": 236401,
      "cogs": null,
      "rd": null,
      "sga": null,
      "fcf": -7336477,
      "ocf": -7336477,
      "capex": null,
      "gross_margin": null,
      "op_margin": null,
      "fcf_margin": 2.0789893753434177,
      "rev_growth_yoy": -2.8176366330682234,
      "rev_growth_yoy_accel": -9.131833756789026,
      "fcf_margin_change": 1.2834610881534343
    },
    {
      "date": "2024-09-30T00:00:00",
      "quarter_label": "2024-09 (Q3)",
      "revenue": -13454377,
      "gross_profit": null,
      "operating_income": null,
      "net_income": -13739406,
      "opex": 285029,
      "cogs": null,
      "rd": null,
      "sga": null,
      "fcf": -8554079,
      "ocf": -8554079,
      "capex": null,
      "gross_margin": null,
      "op_margin": null,
      "fcf_margin": 0.6357841020806835,
      "rev_growth_yoy": -3.449865920304566,
      "rev_growth_yoy_accel": -0.6322292872363424,
      "op_leverage_ratio": 13.673523522006878,
      "fcf_margin_change": -1.443205273262734
    },
    {
      "date": "2024-12-31T00:00:00",
      "quarter_label": "2024-12 (Q4)",
      "revenue": 7507345,
      "gross_profit": null,
      "operating_income": null,
      "net_income": 7217735,
      "opex": 289610,
      "cogs": null,
      "rd": null,
      "sga": null,
      "fcf": 4256122,
      "ocf": 4256122,
      "capex": null,
      "gross_margin": null,
      "op_margin": null,
      "fcf_margin": 0.566927722117473,
      "fcf_margin_change": -0.06885637996321048
    },
    {
      "date": "2025-03-31T00:00:00",
      "quarter_label": "2025-03 (Q1)",
      "revenue": 2305257,
      "gross_profit": null,
      "operating_income": null,
      "net_income": 2065308,
      "opex": 239949,
      "cogs": null,
      "rd": null,
      "sga": null,
      "fcf": 557838,
      "ocf": 557838,
      "capex": null,
      "gross_margin": null,
      "op_margin": null,
      "fcf_margin": 0.24198516694667882,
      "rev_growth_yoy": -0.857126362323346,
      "fcf_margin_change": -0.3249425551707942
    },
    {
      "date": "2025-06-30T00:00:00",
      "quarter_label": "2025-06 (Q2)",
      "revenue": -5531109,
      "gross_profit": null,
      "operating_income": null,
      "net_income": -5705601,
      "opex": 174492,
      "cogs": null,
      "rd": null,
      "sga": null,
      "fcf": 3224716,
      "ocf": 3224716,
      "capex": null,
      "gross_margin": null,
      "op_margin": null,
      "fcf_margin": -0.5830143647503602,
      "fcf_margin_change": -0.824999531697039
    },
    {
      "date": "2025-09-30T00:00:00",
      "quarter_label": "2025-09 (Q3)",
      "revenue": 5124872,
      "gross_profit": null,
      "operating_income": null,
      "net_income": 4912316,
      "opex": 212556,
      "cogs": null,
      "rd": null,
      "sga": null,
      "fcf": 2498040,
      "ocf": 2498040,
      "capex": null,
      "gross_margin": null,
      "op_margin": null,
      "fcf_margin": 0.48743461300106616,
      "fcf_margin_change": 1.0704489777514263
    }
  ],
  "signals": [
    {
      "quarter": "2025-09 (Q3)",
      "signal": "FCF TURNED POSITIVE",
      "detail": "FCF margin: -58.3% -> +48.7%",
      "severity": "HIGH"
    },
    {
      "quarter": "2024-09 (Q3)",
      "signal": "OPERATING LEVERAGE",
      "detail": "Rev growth +281.3% vs OpEx growth +20.6% (leverage: 13.7x)",
      "severity": "MEDIUM"
    },
    {
      "quarter": "2024-09 (Q3)",
      "signal": "YoY REVENUE GROWTH DECELERATION",
      "detail": "YoY growth: -345.0% vs prior quarter YoY: -281.8% (decel: -63.2%)",
      "severity": "WARNING"
    },
    {
      "quarter": "2024-06 (Q2)",
      "signal": "FCF MARGIN EXPANSION",
      "detail": "FCF margin: +79.6% -> +207.9% (+128.3%)",
      "severity": "MEDIUM"
    },
    {
      "quarter": "2024-06 (Q2)",
      "signal": "YoY REVENUE GROWTH DECELERATION",
      "detail": "YoY growth: -281.8% vs prior quarter YoY: +631.4% (decel: -913.2%)",
      "severity": "WARNING"
    },
    {
      "quarter": "2024-03 (Q1)",
      "signal": "YoY REVENUE GROWTH ACCELERATION",
      "detail": "YoY growth: +631.4% vs prior quarter YoY: -185.3% (accel: +816.7%)",
      "severity": "HIGH"
    },
    {
      "quarter": "2023-06 (Q2)",
      "signal": "FCF MARGIN EXPANSION",
      "detail": "FCF margin: +338.2% -> +449.8% (+111.6%)",
      "severity": "MEDIUM"
    },
    {
      "quarter": "2023-03 (Q1)",
      "signal": "FCF TURNED POSITIVE",
      "detail": "FCF margin: -23.9% -> +338.2%",
      "severity": "HIGH"
    },
    {
      "quarter": "2023-03 (Q1)",
      "signal": "YoY REVENUE GROWTH DECELERATION",
      "detail": "YoY growth: -91.3% vs prior quarter YoY: +97.4% (decel: -188.7%)",
      "severity": "WARNING"
    },
    {
      "quarter": "2022-12 (Q4)",
      "signal": "YoY REVENUE GROWTH ACCELERATION",
      "detail": "YoY growth: +97.4% vs prior quarter YoY: -639.3% (accel: +736.7%)",
      "severity": "HIGH"
    },
    {
      "quarter": "2022-09 (Q3)",
      "signal": "YoY REVENUE GROWTH DECELERATION",
      "detail": "YoY growth: -639.3% vs prior quarter YoY: +29.2% (decel: -668.5%)",
      "severity": "WARNING"
    },
    {
      "quarter": "2022-06 (Q2)",
      "signal": "FCF MARGIN EXPANSION",
      "detail": "FCF margin: +117.6% -> +152.2% (+34.6%)",
      "severity": "MEDIUM"
    },
    {
      "quarter": "2022-06 (Q2)",
      "signal": "YoY REVENUE GROWTH ACCELERATION",
      "detail": "YoY growth: +29.2% vs prior quarter YoY: +6.7% (accel: +22.5%)",
      "severity": "HIGH"
    },
    {
      "quarter": "2022-03 (Q1)",
      "signal": "FCF MARGIN EXPANSION",
      "detail": "FCF margin: +69.7% -> +117.6% (+47.9%)",
      "severity": "MEDIUM"
    },
    {
      "quarter": "2022-03 (Q1)",
      "signal": "OPERATING LEVERAGE",
      "detail": "Rev growth +420.7% vs OpEx growth +6.1% (leverage: 68.9x)",
      "severity": "MEDIUM"
    },
    {
      "quarter": "2022-03 (Q1)",
      "signal": "YoY REVENUE GROWTH ACCELERATION",
      "detail": "YoY growth: +6.7% vs prior quarter YoY: -67.4% (accel: +74.1%)",
      "severity": "HIGH"
    },
    {
      "quarter": "2021-09 (Q3)",
      "signal": "FCF MARGIN EXPANSION",
      "detail": "FCF margin: +38.6% -> +137.7% (+99.1%)",
      "severity": "MEDIUM"
    },
    {
      "quarter": "2021-03 (Q1)",
      "signal": "FCF MARGIN EXPANSION",
      "detail": "FCF margin: +93.7% -> +127.2% (+33.4%)",
      "severity": "MEDIUM"
    },
    {
      "quarter": "2021-03 (Q1)",
      "signal": "OPERATING LEVERAGE",
      "detail": "Rev growth +59.0% vs OpEx growth +10.3% (leverage: 5.7x)",
      "severity": "MEDIUM"
    }
  ],
  "data_quality": {
    "n_quarters": 20,
    "coverage": {
      "revenue": [
        20,
        20
      ],
      "gross_profit": [
        0,
        20
      ],
      "op_income": [
        0,
        20
      ],
      "fcf": [
        20,
        20
      ]
    },
    "gaps": [],
    "warnings": [
      "gross_profit: no data",
      "op_income: no data"
    ]
  },
  "market_cap": null,
  "source": "SEC EDGAR",
  "last_updated": "2026-02-03T00:39:49.467897"
}