{
  "ticker": "UHAL-B",
  "name": "U-Haul Holding Company",
  "quarters": [
    {
      "date": "2020-12-31T00:00:00",
      "quarter_label": "2020-12 (Q4)",
      "revenue": 1169982000,
      "gross_profit": 1124230000,
      "operating_income": 283946000,
      "net_income": 182985000,
      "opex": 539942000,
      "cogs": 45752000,
      "rd": null,
      "sga": null,
      "fcf": 74475000,
      "ocf": 374211000,
      "capex": -299736000,
      "gross_margin": 0.9608951248822631,
      "op_margin": 0.24269262262154462,
      "fcf_margin": 0.06365482545885322
    },
    {
      "date": "2021-03-31T00:00:00",
      "quarter_label": "2021-03 (Q1)",
      "revenue": 1059858000,
      "gross_profit": 1005315000,
      "operating_income": 131325000,
      "net_income": 73780000,
      "opex": 580997000,
      "cogs": 54543000,
      "rd": null,
      "sga": null,
      "fcf": -320638000,
      "ocf": 158842000,
      "capex": -479480000,
      "gross_margin": 0.9485374455823328,
      "op_margin": 0.12390810844471618,
      "fcf_margin": -0.30252920674279005,
      "fcf_margin_change": -0.36618403220164325
    },
    {
      "date": "2021-06-30T00:00:00",
      "quarter_label": "2021-06 (Q2)",
      "revenue": 1472856000,
      "gross_profit": 1402941000,
      "operating_income": 494208000,
      "net_income": 345175000,
      "opex": 614529000,
      "cogs": 69915000,
      "rd": null,
      "sga": null,
      "fcf": 285802000,
      "ocf": 794213000,
      "capex": -508411000,
      "gross_margin": 0.9525310009939872,
      "op_margin": 0.3355440043018462,
      "fcf_margin": 0.1940461253510187,
      "op_leverage_ratio": 6.7517242790955745,
      "fcf_margin_change": 0.4965753320938088
    },
    {
      "date": "2021-09-30T00:00:00",
      "quarter_label": "2021-09 (Q3)",
      "revenue": 1664254000,
      "gross_profit": 1597763000,
      "operating_income": 578701000,
      "net_income": 409898000,
      "opex": 696074000,
      "cogs": 66491000,
      "rd": null,
      "sga": null,
      "fcf": 193630000,
      "ocf": 724907000,
      "capex": -531277000,
      "gross_margin": 0.960047564854884,
      "op_margin": 0.34772396521204096,
      "fcf_margin": 0.11634642308205358,
      "op_leverage_ratio": 0.9793144266764685,
      "fcf_margin_change": -0.07769970226896512
    },
    {
      "date": "2021-12-31T00:00:00",
      "quarter_label": "2021-12 (Q4)",
      "revenue": 1404336000,
      "gross_profit": 1347294000,
      "operating_income": 416724000,
      "net_income": 281466000,
      "opex": 658095000,
      "cogs": 57042000,
      "rd": null,
      "sga": null,
      "fcf": -343265000,
      "ocf": 270031000,
      "capex": -613296000,
      "gross_margin": 0.9593815155347438,
      "op_margin": 0.29674095088354924,
      "fcf_margin": -0.24443224413530665,
      "incr_op_margin_yoy": 0.5665702313593964,
      "rev_growth_yoy": 0.20030564572788298,
      "fcf_margin_change": -0.36077866721736024
    },
    {
      "date": "2022-03-31T00:00:00",
      "quarter_label": "2022-03 (Q1)",
      "revenue": 1198301000,
      "gross_profit": 1132164000,
      "operating_income": 155364000,
      "net_income": 86747000,
      "opex": 707843000,
      "cogs": 66137000,
      "rd": null,
      "sga": null,
      "fcf": -326469000,
      "ocf": 157084000,
      "capex": -483553000,
      "gross_margin": 0.9448076902214051,
      "op_margin": 0.12965356784313792,
      "fcf_margin": -0.2724432342124391,
      "incr_op_margin_yoy": 0.17363824823212443,
      "rev_growth_yoy": 0.13062410247410502,
      "rev_growth_yoy_accel": -0.06968154325377796,
      "fcf_margin_change": -0.028010990077132453
    },
    {
      "date": "2022-06-30T00:00:00",
      "quarter_label": "2022-06 (Q2)",
      "revenue": 1597840000,
      "gross_profit": 1518169000,
      "operating_income": 491159000,
      "net_income": 334002000,
      "opex": 733167000,
      "cogs": 79671000,
      "rd": null,
      "sga": null,
      "fcf": 5234000,
      "ocf": 651371000,
      "capex": -646137000,
      "gross_margin": 0.9501383117208231,
      "op_margin": 0.3073893506233415,
      "fcf_margin": 0.003275672157412507,
      "incr_op_margin_yoy": -0.02439512257568969,
      "rev_growth_yoy": 0.08485826177168712,
      "rev_growth_yoy_accel": -0.045765840702417904,
      "op_leverage_ratio": 9.319613317278467,
      "fcf_margin_change": 0.27571890636985164
    },
    {
      "date": "2022-09-30T00:00:00",
      "quarter_label": "2022-09 (Q3)",
      "revenue": 1702864000,
      "gross_profit": 1630239000,
      "operating_income": 522095000,
      "net_income": 352015000,
      "opex": 811594000,
      "cogs": 72625000,
      "rd": null,
      "sga": null,
      "fcf": -152598000,
      "ocf": 536793000,
      "capex": -689391000,
      "gross_margin": 0.95735126234391,
      "op_margin": 0.3065981781281418,
      "fcf_margin": -0.08961255860714655,
      "incr_op_margin_yoy": -1.466096866096866,
      "rev_growth_yoy": 0.023199583717389293,
      "rev_growth_yoy_accel": -0.061658678054297825,
      "op_leverage_ratio": 0.6144585227927313,
      "fcf_margin_change": -0.09288823076455906
    },
    {
      "date": "2022-12-31T00:00:00",
      "quarter_label": "2022-12 (Q4)",
      "revenue": 1375336000,
      "gross_profit": 1320720000,
      "operating_income": 320403000,
      "net_income": 199244000,
      "opex": 733469000,
      "cogs": 54616000,
      "rd": null,
      "sga": null,
      "fcf": -413380000,
      "ocf": 327516000,
      "capex": -740896000,
      "gross_margin": 0.9602889766573405,
      "op_margin": 0.23296343584404103,
      "fcf_margin": -0.30056655246427055,
      "incr_op_margin_yoy": 3.3214137931034484,
      "rev_growth_yoy": -0.020650328696266422,
      "rev_growth_yoy_accel": -0.04384991241365571,
      "fcf_margin_change": -0.210953993857124
    },
    {
      "date": "2023-03-31T00:00:00",
      "quarter_label": "2023-03 (Q1)",
      "revenue": 1188651000,
      "gross_profit": 1132537000,
      "operating_income": 110449000,
      "net_income": 37737000,
      "opex": 746317000,
      "cogs": 56114000,
      "rd": null,
      "sga": null,
      "fcf": -433547000,
      "ocf": 213930000,
      "capex": -647477000,
      "gross_margin": 0.9527918623717139,
      "op_margin": 0.092919620645589,
      "fcf_margin": -0.36473868275885857,
      "incr_op_margin_yoy": 4.65440414507772,
      "rev_growth_yoy": -0.008053068469441317,
      "rev_growth_yoy_accel": 0.012597260226825105,
      "fcf_margin_change": -0.06417213029458801
    },
    {
      "date": "2023-06-30T00:00:00",
      "quarter_label": "2023-06 (Q2)",
      "revenue": 1540308000,
      "gross_profit": 1469633000,
      "operating_income": 399658000,
      "net_income": 256838000,
      "opex": 763241000,
      "cogs": 70675000,
      "rd": null,
      "sga": null,
      "fcf": -307880000,
      "ocf": 465697000,
      "capex": -773577000,
      "gross_margin": 0.9541163195932242,
      "op_margin": 0.2594662885604697,
      "fcf_margin": -0.19988210150177757,
      "incr_op_margin_yoy": 1.5904366265730376,
      "rev_growth_yoy": -0.036006108246132276,
      "rev_growth_yoy_accel": -0.02795303977669096,
      "op_leverage_ratio": 13.04623581859518,
      "fcf_margin_change": 0.164856581257081
    },
    {
      "date": "2023-09-30T00:00:00",
      "quarter_label": "2023-09 (Q3)",
      "revenue": 1649860000,
      "gross_profit": 1583240000,
      "operating_income": 422355000,
      "net_income": 273508000,
      "opex": 835258000,
      "cogs": 66620000,
      "rd": null,
      "sga": null,
      "fcf": -419076000,
      "ocf": 471734000,
      "capex": -890810000,
      "gross_margin": 0.959620816311687,
      "op_margin": 0.25599444801377086,
      "fcf_margin": -0.2540070066551101,
      "incr_op_margin_yoy": 1.8817447739793223,
      "rev_growth_yoy": -0.031126384725967546,
      "rev_growth_yoy_accel": 0.00487972352016473,
      "op_leverage_ratio": 0.7537709662374804,
      "fcf_margin_change": -0.05412490515333254
    },
    {
      "date": "2023-12-31T00:00:00",
      "quarter_label": "2023-12 (Q4)",
      "revenue": 1339514000,
      "gross_profit": 1287978000,
      "operating_income": 197588000,
      "net_income": 99224000,
      "opex": 770405000,
      "cogs": 51536000,
      "rd": null,
      "sga": null,
      "fcf": -433950000,
      "ocf": 302612000,
      "capex": -736562000,
      "gross_margin": 0.9615263446294701,
      "op_margin": 0.14750723023424914,
      "fcf_margin": -0.32396077980521293,
      "incr_op_margin_yoy": 3.428479705209089,
      "rev_growth_yoy": -0.026045998941349603,
      "rev_growth_yoy_accel": 0.005080385784617943,
      "fcf_margin_change": -0.06995377315010282
    },
    {
      "date": "2024-03-31T00:00:00",
      "quarter_label": "2024-03 (Q1)",
      "revenue": 1095992000,
      "gross_profit": 1043260000,
      "operating_income": -41812000,
      "net_income": -863000,
      "opex": 757567000,
      "cogs": 52732000,
      "rd": null,
      "sga": null,
      "fcf": -379236000,
      "ocf": 212713000,
      "capex": -591949000,
      "gross_margin": 0.9518865101205118,
      "op_margin": -0.03814991350301827,
      "fcf_margin": -0.34602077387426183,
      "incr_op_margin_yoy": 1.6432402680797331,
      "rev_growth_yoy": -0.07795307453575524,
      "rev_growth_yoy_accel": -0.05190707559440564,
      "fcf_margin_change": -0.022059994069048905
    },
    {
      "date": "2024-06-30T00:00:00",
      "quarter_label": "2024-06 (Q2)",
      "revenue": 1548490000,
      "gross_profit": 1482476000,
      "operating_income": 306242000,
      "net_income": 195417000,
      "opex": 1242248000,
      "cogs": 66014000,
      "rd": null,
      "sga": null,
      "fcf": -509260000,
      "ocf": 453903000,
      "capex": -963163000,
      "gross_margin": 0.9573687915323961,
      "op_margin": 0.19776814832514256,
      "fcf_margin": -0.3288752268338833,
      "incr_op_margin_yoy": -11.417257394280128,
      "rev_growth_yoy": 0.005311924628061401,
      "rev_growth_yoy_accel": 0.08326499916381665,
      "op_leverage_ratio": 0.6453188229067635,
      "fcf_margin_change": 0.017145547040378517
    },
    {
      "date": "2024-09-30T00:00:00",
      "quarter_label": "2024-09 (Q3)",
      "revenue": 1658108000,
      "gross_profit": 1595858000,
      "operating_income": 301956000,
      "net_income": 186798000,
      "opex": 1356152000,
      "cogs": 62250000,
      "rd": null,
      "sga": null,
      "fcf": -433464000,
      "ocf": 530375000,
      "capex": -963839000,
      "gross_margin": 0.9624572102661588,
      "op_margin": 0.18210876492966682,
      "fcf_margin": -0.2614208483403976,
      "incr_op_margin_yoy": -14.597356935014549,
      "rev_growth_yoy": 0.0049992120543561275,
      "rev_growth_yoy_accel": -0.0003127125737052731,
      "op_leverage_ratio": 0.7720453286705867,
      "fcf_margin_change": 0.06745437849348573
    },
    {
      "date": "2024-12-31T00:00:00",
      "quarter_label": "2024-12 (Q4)",
      "revenue": 1388558000,
      "gross_profit": null,
      "operating_income": 150732000,
      "net_income": 67166000,
      "opex": 1237826000,
      "cogs": null,
      "rd": null,
      "sga": null,
      "fcf": -664876000,
      "ocf": 271618000,
      "capex": -936494000,
      "gross_margin": null,
      "op_margin": 0.1085529016432875,
      "fcf_margin": -0.478824795219213,
      "incr_op_margin_yoy": -0.9553869994290841,
      "rev_growth_yoy": 0.03661327914452555,
      "rev_growth_yoy_accel": 0.03161406709016942,
      "fcf_margin_change": -0.21740394687881542
    },
    {
      "date": "2025-03-31T00:00:00",
      "quarter_label": "2025-03 (Q1)",
      "revenue": 1233509000,
      "gross_profit": null,
      "operating_income": -42776000,
      "net_income": -82291000,
      "opex": -560755000,
      "cogs": null,
      "rd": null,
      "sga": null,
      "fcf": -390452000,
      "ocf": 198533000,
      "capex": -588985000,
      "gross_margin": null,
      "op_margin": -0.03467830392806214,
      "fcf_margin": -0.3165376174798887,
      "incr_op_margin_yoy": -0.0070100423947584665,
      "rev_growth_yoy": 0.12547263118708896,
      "rev_growth_yoy_accel": 0.0888593520425634,
      "fcf_margin_change": 0.16228717773932433
    },
    {
      "date": "2025-06-30T00:00:00",
      "quarter_label": "2025-06 (Q2)",
      "revenue": 1630470000,
      "gross_profit": 1558265000,
      "operating_income": 257414000,
      "net_income": 142331000,
      "opex": 826749000,
      "cogs": 72205000,
      "rd": null,
      "sga": null,
      "fcf": -318195000,
      "ocf": 598376000,
      "capex": -916571000,
      "gross_margin": 0.9557152232178452,
      "op_margin": 0.15787717651965386,
      "fcf_margin": -0.1951553846436917,
      "incr_op_margin_yoy": -0.595608685045133,
      "rev_growth_yoy": 0.052941898236346374,
      "rev_growth_yoy_accel": -0.07253073295074258,
      "op_leverage_ratio": Infinity,
      "fcf_margin_change": 0.12138223283619698
    },
    {
      "date": "2025-09-30T00:00:00",
      "quarter_label": "2025-09 (Q3)",
      "revenue": 1719922000,
      "gross_profit": 1652297000,
      "operating_income": 217594000,
      "net_income": 105550000,
      "opex": 909542000,
      "cogs": 67625000,
      "rd": null,
      "sga": null,
      "fcf": -446311000,
      "ocf": 551620000,
      "capex": -997931000,
      "gross_margin": 0.9606813564801194,
      "op_margin": 0.1265138767920871,
      "fcf_margin": -0.25949490732719277,
      "incr_op_margin_yoy": -1.3647717345585142,
      "rev_growth_yoy": 0.03727983943144837,
      "rev_growth_yoy_accel": -0.015662058804898002,
      "op_leverage_ratio": 0.5478444943818049,
      "fcf_margin_change": -0.06433952268350107
    }
  ],
  "signals": [
    {
      "quarter": "2025-06 (Q2)",
      "signal": "FCF MARGIN EXPANSION",
      "detail": "FCF margin: -31.7% -> -19.5% (+12.1%)",
      "severity": "MEDIUM"
    },
    {
      "quarter": "2025-06 (Q2)",
      "signal": "YoY REVENUE GROWTH DECELERATION",
      "detail": "YoY growth: +5.3% vs prior quarter YoY: +12.5% (decel: -7.3%)",
      "severity": "WARNING"
    },
    {
      "quarter": "2025-06 (Q2)",
      "signal": "OP MARGIN TURNED POSITIVE (QoQ)",
      "detail": "Op margin: -3.5% -> +15.8%",
      "severity": "HIGH"
    },
    {
      "quarter": "2025-03 (Q1)",
      "signal": "FCF MARGIN EXPANSION",
      "detail": "FCF margin: -47.9% -> -31.7% (+16.2%)",
      "severity": "MEDIUM"
    },
    {
      "quarter": "2025-03 (Q1)",
      "signal": "YoY REVENUE GROWTH ACCELERATION",
      "detail": "YoY growth: +12.5% vs prior quarter YoY: +3.7% (accel: +8.9%)",
      "severity": "MEDIUM"
    },
    {
      "quarter": "2024-09 (Q3)",
      "signal": "FCF MARGIN EXPANSION",
      "detail": "FCF margin: -32.9% -> -26.1% (+6.7%)",
      "severity": "MEDIUM"
    },
    {
      "quarter": "2024-06 (Q2)",
      "signal": "YoY REVENUE GROWTH ACCELERATION",
      "detail": "YoY growth: +0.5% vs prior quarter YoY: -7.8% (accel: +8.3%)",
      "severity": "MEDIUM"
    },
    {
      "quarter": "2024-06 (Q2)",
      "signal": "OP MARGIN TURNED POSITIVE (QoQ)",
      "detail": "Op margin: -3.8% -> +19.8%",
      "severity": "HIGH"
    },
    {
      "quarter": "2024-03 (Q1)",
      "signal": "YoY REVENUE GROWTH DECELERATION",
      "detail": "YoY growth: -7.8% vs prior quarter YoY: -2.6% (decel: -5.2%)",
      "severity": "WARNING"
    },
    {
      "quarter": "2023-12 (Q4)",
      "signal": "INCREMENTAL MARGIN (YoY)",
      "detail": "YoY Incr OPM: +342.8% vs year-ago OPM: +23.3%",
      "severity": "HIGH"
    },
    {
      "quarter": "2023-09 (Q3)",
      "signal": "INCREMENTAL MARGIN (YoY)",
      "detail": "YoY Incr OPM: +188.2% vs year-ago OPM: +30.7%",
      "severity": "HIGH"
    },
    {
      "quarter": "2023-06 (Q2)",
      "signal": "FCF MARGIN EXPANSION",
      "detail": "FCF margin: -36.5% -> -20.0% (+16.5%)",
      "severity": "MEDIUM"
    },
    {
      "quarter": "2023-06 (Q2)",
      "signal": "OPERATING LEVERAGE",
      "detail": "Rev growth +29.6% vs OpEx growth +2.3% (leverage: 13.0x)",
      "severity": "MEDIUM"
    },
    {
      "quarter": "2023-06 (Q2)",
      "signal": "INCREMENTAL MARGIN (YoY)",
      "detail": "YoY Incr OPM: +159.0% vs year-ago OPM: +30.7%",
      "severity": "HIGH"
    },
    {
      "quarter": "2023-03 (Q1)",
      "signal": "INCREMENTAL MARGIN (YoY)",
      "detail": "YoY Incr OPM: +465.4% vs year-ago OPM: +13.0%",
      "severity": "HIGH"
    },
    {
      "quarter": "2022-12 (Q4)",
      "signal": "INCREMENTAL MARGIN (YoY)",
      "detail": "YoY Incr OPM: +332.1% vs year-ago OPM: +29.7%",
      "severity": "HIGH"
    },
    {
      "quarter": "2022-09 (Q3)",
      "signal": "YoY REVENUE GROWTH DECELERATION",
      "detail": "YoY growth: +2.3% vs prior quarter YoY: +8.5% (decel: -6.2%)",
      "severity": "WARNING"
    },
    {
      "quarter": "2022-06 (Q2)",
      "signal": "FCF TURNED POSITIVE",
      "detail": "FCF margin: -27.2% -> +0.3%",
      "severity": "HIGH"
    },
    {
      "quarter": "2022-06 (Q2)",
      "signal": "OPERATING LEVERAGE",
      "detail": "Rev growth +33.3% vs OpEx growth +3.6% (leverage: 9.3x)",
      "severity": "MEDIUM"
    },
    {
      "quarter": "2022-03 (Q1)",
      "signal": "YoY REVENUE GROWTH DECELERATION",
      "detail": "YoY growth: +13.1% vs prior quarter YoY: +20.0% (decel: -7.0%)",
      "severity": "WARNING"
    },
    {
      "quarter": "2021-12 (Q4)",
      "signal": "INCREMENTAL MARGIN (YoY)",
      "detail": "YoY Incr OPM: +56.7% vs year-ago OPM: +24.3%",
      "severity": "HIGH"
    },
    {
      "quarter": "2021-06 (Q2)",
      "signal": "FCF TURNED POSITIVE",
      "detail": "FCF margin: -30.3% -> +19.4%",
      "severity": "HIGH"
    },
    {
      "quarter": "2021-06 (Q2)",
      "signal": "OPERATING LEVERAGE",
      "detail": "Rev growth +39.0% vs OpEx growth +5.8% (leverage: 6.8x)",
      "severity": "MEDIUM"
    }
  ],
  "data_quality": {
    "n_quarters": 20,
    "coverage": {
      "revenue": [
        20,
        20
      ],
      "gross_profit": [
        18,
        20
      ],
      "op_income": [
        20,
        20
      ],
      "fcf": [
        20,
        20
      ]
    },
    "gaps": [],
    "warnings": []
  },
  "market_cap": null,
  "source": "SEC EDGAR",
  "last_updated": "2026-02-03T00:54:22.960652"
}