{
  "ticker": "UHS",
  "name": "UNIVERSAL HEALTH SERVICES, INC.",
  "quarters": [
    {
      "date": "2020-12-31T00:00:00",
      "quarter_label": "2020-12 (Q4)",
      "revenue": 3086935000,
      "gross_profit": null,
      "operating_income": 413959000,
      "net_income": 308708000,
      "opex": 2672976000,
      "cogs": null,
      "rd": null,
      "sga": null,
      "fcf": -42639000,
      "ocf": 142012000,
      "capex": -184651000,
      "gross_margin": null,
      "op_margin": 0.13410032929102816,
      "fcf_margin": -0.013812730102836632
    },
    {
      "date": "2021-03-31T00:00:00",
      "quarter_label": "2021-03 (Q1)",
      "revenue": 3012987000,
      "gross_profit": null,
      "operating_income": 295669000,
      "net_income": 209091000,
      "opex": 2717318000,
      "cogs": null,
      "rd": null,
      "sga": null,
      "fcf": -175664000,
      "ocf": 71795000,
      "capex": -247459000,
      "gross_margin": null,
      "op_margin": 0.09813152197470483,
      "fcf_margin": -0.05830227611337188,
      "fcf_margin_change": -0.04448954601053525
    },
    {
      "date": "2021-06-30T00:00:00",
      "quarter_label": "2021-06 (Q2)",
      "revenue": 3197880000,
      "gross_profit": null,
      "operating_income": 438968000,
      "net_income": 325024000,
      "opex": 2758912000,
      "cogs": null,
      "rd": null,
      "sga": null,
      "fcf": -187099000,
      "ocf": 47653000,
      "capex": -234752000,
      "gross_margin": null,
      "op_margin": 0.1372684403417264,
      "fcf_margin": -0.05850719851901885,
      "op_leverage_ratio": 4.008971690809513,
      "fcf_margin_change": -0.00020492240564697062
    },
    {
      "date": "2021-09-30T00:00:00",
      "quarter_label": "2021-09 (Q3)",
      "revenue": 3155999000,
      "gross_profit": null,
      "operating_income": 314808000,
      "net_income": 218351000,
      "opex": 2841191000,
      "cogs": null,
      "rd": null,
      "sga": null,
      "fcf": 258413000,
      "ocf": 442227000,
      "capex": -183814000,
      "gross_margin": null,
      "op_margin": 0.0997490810358305,
      "fcf_margin": 0.0818799372243147,
      "fcf_margin_change": 0.14038713574333356
    },
    {
      "date": "2021-12-31T00:00:00",
      "quarter_label": "2021-12 (Q4)",
      "revenue": 3275251000,
      "gross_profit": null,
      "operating_income": 313649000,
      "net_income": 239124000,
      "opex": 2961602000,
      "cogs": null,
      "rd": null,
      "sga": null,
      "fcf": 132386000,
      "ocf": 322020000,
      "capex": -189634000,
      "gross_margin": null,
      "op_margin": 0.0957633476029776,
      "fcf_margin": 0.04042010826040508,
      "incr_op_margin_yoy": -0.5326684933834619,
      "rev_growth_yoy": 0.06100419995885887,
      "op_leverage_ratio": 0.8915856739692815,
      "fcf_margin_change": -0.04145982896390962
    },
    {
      "date": "2022-03-31T00:00:00",
      "quarter_label": "2022-03 (Q1)",
      "revenue": 3292956000,
      "gross_profit": null,
      "operating_income": 232857000,
      "net_income": 153913000,
      "opex": 3060099000,
      "cogs": null,
      "rd": null,
      "sga": null,
      "fcf": 245431000,
      "ocf": 445433000,
      "capex": -200002000,
      "gross_margin": null,
      "op_margin": 0.07071366881306644,
      "fcf_margin": 0.07453212250634385,
      "incr_op_margin_yoy": -0.22435341055616873,
      "rev_growth_yoy": 0.09292074609017563,
      "rev_growth_yoy_accel": 0.03191654613131676,
      "fcf_margin_change": 0.034112014245938765
    },
    {
      "date": "2022-06-30T00:00:00",
      "quarter_label": "2022-06 (Q2)",
      "revenue": 3323407000,
      "gross_profit": null,
      "operating_income": 233434000,
      "net_income": 164062000,
      "opex": 3089973000,
      "cogs": null,
      "rd": null,
      "sga": null,
      "fcf": -175346000,
      "ocf": 32614000,
      "capex": -207960000,
      "gross_margin": null,
      "op_margin": 0.07023936580743798,
      "fcf_margin": -0.05276091673394201,
      "incr_op_margin_yoy": -1.6373688529161057,
      "rev_growth_yoy": 0.039253192740190374,
      "rev_growth_yoy_accel": -0.053667553349985256,
      "fcf_margin_change": -0.12729303924028584
    },
    {
      "date": "2022-09-30T00:00:00",
      "quarter_label": "2022-09 (Q3)",
      "revenue": 3336027000,
      "gross_profit": null,
      "operating_income": 275880000,
      "net_income": 182814000,
      "opex": 3060147000,
      "cogs": null,
      "rd": null,
      "sga": null,
      "fcf": 59079000,
      "ocf": 220672000,
      "capex": -161593000,
      "gross_margin": null,
      "op_margin": 0.08269717241497146,
      "fcf_margin": 0.01770938904271458,
      "incr_op_margin_yoy": -0.21623303041749062,
      "rev_growth_yoy": 0.05704311059667636,
      "rev_growth_yoy_accel": 0.01778991785648599,
      "fcf_margin_change": 0.07047030577665658
    },
    {
      "date": "2022-12-31T00:00:00",
      "quarter_label": "2022-12 (Q4)",
      "revenue": 3446980000,
      "gross_profit": null,
      "operating_income": 261384000,
      "net_income": 174820000,
      "opex": 3185596000,
      "cogs": null,
      "rd": null,
      "sga": null,
      "fcf": 132858000,
      "ocf": 297304000,
      "capex": -164446000,
      "gross_margin": null,
      "op_margin": 0.07582985686020807,
      "fcf_margin": 0.03854330457385886,
      "incr_op_margin_yoy": -0.30434580065102573,
      "rev_growth_yoy": 0.05243231740101751,
      "rev_growth_yoy_accel": -0.004610793195658852,
      "op_leverage_ratio": 0.8113057946180652,
      "fcf_margin_change": 0.020833915531144276
    },
    {
      "date": "2023-03-31T00:00:00",
      "quarter_label": "2023-03 (Q1)",
      "revenue": 3467518000,
      "gross_profit": null,
      "operating_income": 278700000,
      "net_income": 163115000,
      "opex": 3188818000,
      "cogs": null,
      "rd": null,
      "sga": null,
      "fcf": 122001000,
      "ocf": 290753000,
      "capex": -168752000,
      "gross_margin": null,
      "op_margin": 0.08037449264863225,
      "fcf_margin": 0.03518395578624249,
      "incr_op_margin_yoy": 0.2626172935690471,
      "rev_growth_yoy": 0.0530107295694203,
      "rev_growth_yoy_accel": 0.0005784121684027921,
      "fcf_margin_change": -0.003359348787616366
    },
    {
      "date": "2023-06-30T00:00:00",
      "quarter_label": "2023-06 (Q2)",
      "revenue": 3548138000,
      "gross_profit": null,
      "operating_income": 280128000,
      "net_income": 171313000,
      "opex": 3268010000,
      "cogs": null,
      "rd": null,
      "sga": null,
      "fcf": 195036000,
      "ocf": 362948000,
      "capex": -167912000,
      "gross_margin": null,
      "op_margin": 0.07895070597592314,
      "fcf_margin": 0.05496854970127994,
      "incr_op_margin_yoy": 0.20777729819206073,
      "rev_growth_yoy": 0.06762066758600437,
      "rev_growth_yoy_accel": 0.014609938016584063,
      "op_leverage_ratio": 0.9362083089537739,
      "fcf_margin_change": 0.01978459391503745
    },
    {
      "date": "2023-09-30T00:00:00",
      "quarter_label": "2023-09 (Q3)",
      "revenue": 3562774000,
      "gross_profit": null,
      "operating_income": 285357000,
      "net_income": 166989000,
      "opex": 3277417000,
      "cogs": null,
      "rd": null,
      "sga": null,
      "fcf": -38336000,
      "ocf": 161665000,
      "capex": -200001000,
      "gross_margin": null,
      "op_margin": 0.08009405031023578,
      "fcf_margin": -0.010760154868088742,
      "incr_op_margin_yoy": 0.04179548130736019,
      "rev_growth_yoy": 0.06796917411040139,
      "rev_growth_yoy_accel": 0.00034850652439702423,
      "fcf_margin_change": -0.06572870456936869
    },
    {
      "date": "2023-12-31T00:00:00",
      "quarter_label": "2023-12 (Q4)",
      "revenue": 3703546000,
      "gross_profit": null,
      "operating_income": 331196000,
      "net_income": 216378000,
      "opex": 3372350000,
      "cogs": null,
      "rd": null,
      "sga": null,
      "fcf": 246041000,
      "ocf": 452431000,
      "capex": -206390000,
      "gross_margin": null,
      "op_margin": 0.0894267277900693,
      "fcf_margin": 0.066433898755409,
      "incr_op_margin_yoy": 0.272101525533391,
      "rev_growth_yoy": 0.0744321115875346,
      "rev_growth_yoy_accel": 0.00646293747713321,
      "op_leverage_ratio": 1.3640883607357557,
      "fcf_margin_change": 0.07719405362349775
    },
    {
      "date": "2024-03-31T00:00:00",
      "quarter_label": "2024-03 (Q1)",
      "revenue": 3843582000,
      "gross_profit": null,
      "operating_income": 388762000,
      "net_income": 261834000,
      "opex": 3454820000,
      "cogs": null,
      "rd": null,
      "sga": null,
      "fcf": 187867000,
      "ocf": 396406000,
      "capex": -208539000,
      "gross_margin": null,
      "op_margin": 0.10114575414288027,
      "fcf_margin": 0.04887810381045597,
      "incr_op_margin_yoy": 0.2926682692307692,
      "rev_growth_yoy": 0.10845336635599297,
      "rev_growth_yoy_accel": 0.03402125476845837,
      "op_leverage_ratio": 1.5461748362700358,
      "fcf_margin_change": -0.017555794944953032
    },
    {
      "date": "2024-06-30T00:00:00",
      "quarter_label": "2024-06 (Q2)",
      "revenue": 3907604000,
      "gross_profit": null,
      "operating_income": 436398000,
      "net_income": 289152000,
      "opex": 3471206000,
      "cogs": null,
      "rd": null,
      "sga": null,
      "fcf": 437887000,
      "ocf": 679281000,
      "capex": -241394000,
      "gross_margin": null,
      "op_margin": 0.11167917731684172,
      "fcf_margin": 0.11206022923510162,
      "incr_op_margin_yoy": 0.4347281801338652,
      "rev_growth_yoy": 0.10131116658934912,
      "rev_growth_yoy_accel": -0.0071421997666438475,
      "op_leverage_ratio": 3.5119276533787693,
      "fcf_margin_change": 0.06318212542464564
    },
    {
      "date": "2024-09-30T00:00:00",
      "quarter_label": "2024-09 (Q3)",
      "revenue": 3963027000,
      "gross_profit": null,
      "operating_income": 384165000,
      "net_income": 258714000,
      "opex": 3578862000,
      "cogs": null,
      "rd": null,
      "sga": null,
      "fcf": 85045000,
      "ocf": 332977000,
      "capex": -247932000,
      "gross_margin": null,
      "op_margin": 0.09693726537820711,
      "fcf_margin": 0.02145960650785372,
      "incr_op_margin_yoy": 0.24686385860942953,
      "rev_growth_yoy": 0.11234307873583899,
      "rev_growth_yoy_accel": 0.011031912146489867,
      "op_leverage_ratio": 0.45732151441228247,
      "fcf_margin_change": -0.09060062272724789
    },
    {
      "date": "2024-12-31T00:00:00",
      "quarter_label": "2024-12 (Q4)",
      "revenue": 4113722000,
      "gross_profit": null,
      "operating_income": 472489000,
      "net_income": 332397000,
      "opex": 3641233000,
      "cogs": null,
      "rd": null,
      "sga": null,
      "fcf": 412492000,
      "ocf": 658437000,
      "capex": -245945000,
      "gross_margin": null,
      "op_margin": 0.11485681336755377,
      "fcf_margin": 0.10027221090778618,
      "incr_op_margin_yoy": 0.34446920346387894,
      "rev_growth_yoy": 0.11075223583020165,
      "rev_growth_yoy_accel": -0.001590842905637338,
      "op_leverage_ratio": 2.181896054157077,
      "fcf_margin_change": 0.07881260439993246
    },
    {
      "date": "2025-03-31T00:00:00",
      "quarter_label": "2025-03 (Q1)",
      "revenue": 4099720000,
      "gross_profit": null,
      "operating_income": 454825000,
      "net_income": 316680000,
      "opex": 3644895000,
      "cogs": null,
      "rd": null,
      "sga": null,
      "fcf": 121022000,
      "ocf": 360048000,
      "capex": -239026000,
      "gross_margin": null,
      "op_margin": 0.11094050325388076,
      "fcf_margin": 0.029519576946718314,
      "incr_op_margin_yoy": 0.25791955898773317,
      "rev_growth_yoy": 0.06664044113017492,
      "rev_growth_yoy_accel": -0.04411179470002673,
      "fcf_margin_change": -0.07075263396106787
    },
    {
      "date": "2025-06-30T00:00:00",
      "quarter_label": "2025-06 (Q2)",
      "revenue": 4283816000,
      "gross_profit": null,
      "operating_income": 500270000,
      "net_income": 353218000,
      "opex": 3783546000,
      "cogs": null,
      "rd": null,
      "sga": null,
      "fcf": 282964000,
      "ocf": 548978000,
      "capex": -266014000,
      "gross_margin": null,
      "op_margin": 0.11678139303835645,
      "fcf_margin": 0.0660541909363054,
      "incr_op_margin_yoy": 0.16977661531264288,
      "rev_growth_yoy": 0.09627690011577426,
      "rev_growth_yoy_accel": 0.029636458985599343,
      "op_leverage_ratio": 1.1804624352725446,
      "fcf_margin_change": 0.03653461398958708
    },
    {
      "date": "2025-09-30T00:00:00",
      "quarter_label": "2025-09 (Q3)",
      "revenue": 4495245000,
      "gross_profit": null,
      "operating_income": 521688000,
      "net_income": 372957000,
      "opex": 3973557000,
      "cogs": null,
      "rd": null,
      "sga": null,
      "fcf": 151786000,
      "ocf": 380678000,
      "capex": -228892000,
      "gross_margin": null,
      "op_margin": 0.11605329631644104,
      "fcf_margin": 0.03376590152483346,
      "incr_op_margin_yoy": 0.2583959956258526,
      "rev_growth_yoy": 0.13429582993000047,
      "rev_growth_yoy_accel": 0.03801892981422621,
      "op_leverage_ratio": 0.9827748227802249,
      "fcf_margin_change": -0.03228828941147193
    }
  ],
  "signals": [
    {
      "quarter": "2025-09 (Q3)",
      "signal": "INCREMENTAL MARGIN (YoY)",
      "detail": "YoY Incr OPM: +25.8% vs year-ago OPM: +9.7%",
      "severity": "MEDIUM"
    },
    {
      "quarter": "2025-03 (Q1)",
      "signal": "INCREMENTAL MARGIN (YoY)",
      "detail": "YoY Incr OPM: +25.8% vs year-ago OPM: +10.1%",
      "severity": "MEDIUM"
    },
    {
      "quarter": "2024-12 (Q4)",
      "signal": "FCF MARGIN EXPANSION",
      "detail": "FCF margin: +2.1% -> +10.0% (+7.9%)",
      "severity": "MEDIUM"
    },
    {
      "quarter": "2024-12 (Q4)",
      "signal": "OPERATING LEVERAGE",
      "detail": "Rev growth +3.8% vs OpEx growth +1.7% (leverage: 2.2x)",
      "severity": "MEDIUM"
    },
    {
      "quarter": "2024-12 (Q4)",
      "signal": "INCREMENTAL MARGIN (YoY)",
      "detail": "YoY Incr OPM: +34.4% vs year-ago OPM: +8.9%",
      "severity": "HIGH"
    },
    {
      "quarter": "2024-09 (Q3)",
      "signal": "INCREMENTAL MARGIN (YoY)",
      "detail": "YoY Incr OPM: +24.7% vs year-ago OPM: +8.0%",
      "severity": "MEDIUM"
    },
    {
      "quarter": "2024-06 (Q2)",
      "signal": "FCF MARGIN EXPANSION",
      "detail": "FCF margin: +4.9% -> +11.2% (+6.3%)",
      "severity": "MEDIUM"
    },
    {
      "quarter": "2024-06 (Q2)",
      "signal": "OPERATING LEVERAGE",
      "detail": "Rev growth +1.7% vs OpEx growth +0.5% (leverage: 3.5x)",
      "severity": "MEDIUM"
    },
    {
      "quarter": "2024-06 (Q2)",
      "signal": "INCREMENTAL MARGIN (YoY)",
      "detail": "YoY Incr OPM: +43.5% vs year-ago OPM: +7.9%",
      "severity": "HIGH"
    },
    {
      "quarter": "2024-03 (Q1)",
      "signal": "OPERATING LEVERAGE",
      "detail": "Rev growth +3.8% vs OpEx growth +2.4% (leverage: 1.5x)",
      "severity": "MEDIUM"
    },
    {
      "quarter": "2024-03 (Q1)",
      "signal": "INCREMENTAL MARGIN (YoY)",
      "detail": "YoY Incr OPM: +29.3% vs year-ago OPM: +8.0%",
      "severity": "HIGH"
    },
    {
      "quarter": "2023-12 (Q4)",
      "signal": "FCF TURNED POSITIVE",
      "detail": "FCF margin: -1.1% -> +6.6%",
      "severity": "HIGH"
    },
    {
      "quarter": "2023-12 (Q4)",
      "signal": "INCREMENTAL MARGIN (YoY)",
      "detail": "YoY Incr OPM: +27.2% vs year-ago OPM: +7.6%",
      "severity": "MEDIUM"
    },
    {
      "quarter": "2023-06 (Q2)",
      "signal": "INCREMENTAL MARGIN (YoY)",
      "detail": "YoY Incr OPM: +20.8% vs year-ago OPM: +7.0%",
      "severity": "MEDIUM"
    },
    {
      "quarter": "2023-03 (Q1)",
      "signal": "INCREMENTAL MARGIN (YoY)",
      "detail": "YoY Incr OPM: +26.3% vs year-ago OPM: +7.1%",
      "severity": "MEDIUM"
    },
    {
      "quarter": "2022-09 (Q3)",
      "signal": "FCF TURNED POSITIVE",
      "detail": "FCF margin: -5.3% -> +1.8%",
      "severity": "HIGH"
    },
    {
      "quarter": "2022-06 (Q2)",
      "signal": "YoY REVENUE GROWTH DECELERATION",
      "detail": "YoY growth: +3.9% vs prior quarter YoY: +9.3% (decel: -5.4%)",
      "severity": "WARNING"
    },
    {
      "quarter": "2021-09 (Q3)",
      "signal": "FCF TURNED POSITIVE",
      "detail": "FCF margin: -5.9% -> +8.2%",
      "severity": "HIGH"
    },
    {
      "quarter": "2021-06 (Q2)",
      "signal": "OPERATING LEVERAGE",
      "detail": "Rev growth +6.1% vs OpEx growth +1.5% (leverage: 4.0x)",
      "severity": "MEDIUM"
    }
  ],
  "data_quality": {
    "n_quarters": 20,
    "coverage": {
      "revenue": [
        20,
        20
      ],
      "gross_profit": [
        0,
        20
      ],
      "op_income": [
        20,
        20
      ],
      "fcf": [
        20,
        20
      ]
    },
    "gaps": [],
    "warnings": [
      "gross_profit: no data"
    ]
  },
  "market_cap": null,
  "source": "SEC EDGAR",
  "last_updated": "2026-02-02T20:31:08.816996"
}