{
  "ticker": "UHT",
  "name": "UNIVERSAL HEALTH REALTY INCOME TRUST",
  "quarters": [
    {
      "date": "2020-12-31T00:00:00",
      "quarter_label": "2020-12 (Q4)",
      "revenue": 19830000,
      "gross_profit": null,
      "operating_income": 6639000,
      "net_income": 5000000,
      "opex": 13191000,
      "cogs": null,
      "rd": null,
      "sga": null,
      "fcf": 11435000,
      "ocf": 11435000,
      "capex": null,
      "gross_margin": null,
      "op_margin": 0.33479576399394856,
      "fcf_margin": 0.5766515380736258
    },
    {
      "date": "2021-03-31T00:00:00",
      "quarter_label": "2021-03 (Q1)",
      "revenue": 20699000,
      "gross_profit": null,
      "operating_income": 7248000,
      "net_income": 5586000,
      "opex": 13451000,
      "cogs": null,
      "rd": null,
      "sga": null,
      "fcf": 11250000,
      "ocf": 11250000,
      "capex": null,
      "gross_margin": null,
      "op_margin": 0.3501618435673221,
      "fcf_margin": 0.5435045171264312,
      "op_leverage_ratio": 2.223317234958687,
      "fcf_margin_change": -0.03314702094719457
    },
    {
      "date": "2021-06-30T00:00:00",
      "quarter_label": "2021-06 (Q2)",
      "revenue": 20876000,
      "gross_profit": null,
      "operating_income": 6933000,
      "net_income": 6621000,
      "opex": 13943000,
      "cogs": null,
      "rd": null,
      "sga": null,
      "fcf": 14146000,
      "ocf": 14146000,
      "capex": null,
      "gross_margin": null,
      "op_margin": 0.33210385131251197,
      "fcf_margin": 0.6776202337612569,
      "fcf_margin_change": 0.1341157166348257
    },
    {
      "date": "2021-09-30T00:00:00",
      "quarter_label": "2021-09 (Q3)",
      "revenue": 21205000,
      "gross_profit": null,
      "operating_income": 7291000,
      "net_income": 5344000,
      "opex": 13914000,
      "cogs": null,
      "rd": null,
      "sga": null,
      "fcf": 10798000,
      "ocf": 10798000,
      "capex": null,
      "gross_margin": null,
      "op_margin": 0.34383400141476067,
      "fcf_margin": 0.5092195236972412,
      "op_leverage_ratio": Infinity,
      "fcf_margin_change": -0.1684007100640157
    },
    {
      "date": "2021-12-31T00:00:00",
      "quarter_label": "2021-12 (Q4)",
      "revenue": 21410000,
      "gross_profit": null,
      "operating_income": 7393000,
      "net_income": 91615000,
      "opex": 14017000,
      "cogs": null,
      "rd": null,
      "sga": null,
      "fcf": 11531000,
      "ocf": 11531000,
      "capex": null,
      "gross_margin": null,
      "op_margin": 0.3453059318075666,
      "fcf_margin": 0.5385801027557217,
      "incr_op_margin_yoy": 0.4772151898734177,
      "rev_growth_yoy": 0.07967725668179526,
      "fcf_margin_change": 0.02936057905848044
    },
    {
      "date": "2022-03-31T00:00:00",
      "quarter_label": "2022-03 (Q1)",
      "revenue": 22175000,
      "gross_profit": null,
      "operating_income": 7375000,
      "net_income": 5405000,
      "opex": 14800000,
      "cogs": null,
      "rd": null,
      "sga": null,
      "fcf": -1901000,
      "ocf": 11704000,
      "capex": -13605000,
      "gross_margin": null,
      "op_margin": 0.33258173618940245,
      "fcf_margin": -0.0857271702367531,
      "incr_op_margin_yoy": 0.08604336043360433,
      "rev_growth_yoy": 0.07130779264698778,
      "rev_growth_yoy_accel": -0.008369464034807483,
      "op_leverage_ratio": 0.6396436298431821,
      "fcf_margin_change": -0.6243072729924748
    },
    {
      "date": "2022-06-30T00:00:00",
      "quarter_label": "2022-06 (Q2)",
      "revenue": 22171000,
      "gross_profit": null,
      "operating_income": 7240000,
      "net_income": 5218000,
      "opex": 14931000,
      "cogs": null,
      "rd": null,
      "sga": null,
      "fcf": 13221000,
      "ocf": 13236000,
      "capex": -15000,
      "gross_margin": null,
      "op_margin": 0.3265527039826801,
      "fcf_margin": 0.5963195164854991,
      "incr_op_margin_yoy": 0.23706563706563707,
      "rev_growth_yoy": 0.0620329565050776,
      "rev_growth_yoy_accel": -0.00927483614191018,
      "fcf_margin_change": 0.6820466867222522
    },
    {
      "date": "2022-09-30T00:00:00",
      "quarter_label": "2022-09 (Q3)",
      "revenue": 22151000,
      "gross_profit": null,
      "operating_income": 7321000,
      "net_income": 4848000,
      "opex": 14830000,
      "cogs": null,
      "rd": null,
      "sga": null,
      "fcf": 9576000,
      "ocf": 9576000,
      "capex": null,
      "gross_margin": null,
      "op_margin": 0.33050426617308476,
      "fcf_margin": 0.43230553925330684,
      "rev_growth_yoy": 0.04461211978307003,
      "rev_growth_yoy_accel": -0.017420836722007567,
      "fcf_margin_change": -0.16401397723219224
    },
    {
      "date": "2022-12-31T00:00:00",
      "quarter_label": "2022-12 (Q4)",
      "revenue": 24128000,
      "gross_profit": null,
      "operating_income": 8730000,
      "net_income": 5631000,
      "opex": 15398000,
      "cogs": null,
      "rd": null,
      "sga": null,
      "fcf": 12289000,
      "ocf": 12289000,
      "capex": null,
      "gross_margin": null,
      "op_margin": 0.36182029177718833,
      "fcf_margin": 0.5093252652519894,
      "incr_op_margin_yoy": 0.4919058130978661,
      "rev_growth_yoy": 0.1269500233535731,
      "rev_growth_yoy_accel": 0.08233790357050308,
      "op_leverage_ratio": 2.330269481999668,
      "fcf_margin_change": 0.07701972599868256
    },
    {
      "date": "2023-03-31T00:00:00",
      "quarter_label": "2023-03 (Q1)",
      "revenue": 23226000,
      "gross_profit": null,
      "operating_income": 7785000,
      "net_income": 4459000,
      "opex": 15441000,
      "cogs": null,
      "rd": null,
      "sga": null,
      "fcf": 10068000,
      "ocf": 10068000,
      "capex": null,
      "gross_margin": null,
      "op_margin": 0.33518470679411005,
      "fcf_margin": 0.43347972100232496,
      "incr_op_margin_yoy": 0.390104662226451,
      "rev_growth_yoy": 0.0473957158962796,
      "rev_growth_yoy_accel": -0.07955430745729351,
      "fcf_margin_change": -0.07584554424966444
    },
    {
      "date": "2023-06-30T00:00:00",
      "quarter_label": "2023-06 (Q2)",
      "revenue": 23806000,
      "gross_profit": null,
      "operating_income": 7384000,
      "net_income": 3476000,
      "opex": 16422000,
      "cogs": null,
      "rd": null,
      "sga": null,
      "fcf": 12254000,
      "ocf": 12254000,
      "capex": null,
      "gross_margin": null,
      "op_margin": 0.3101739057380492,
      "fcf_margin": 0.5147441821389566,
      "incr_op_margin_yoy": 0.08807339449541285,
      "rev_growth_yoy": 0.07374498218393397,
      "rev_growth_yoy_accel": 0.02634926628765437,
      "op_leverage_ratio": 0.39306102962223877,
      "fcf_margin_change": 0.0812644611366316
    },
    {
      "date": "2023-09-30T00:00:00",
      "quarter_label": "2023-09 (Q3)",
      "revenue": 24223000,
      "gross_profit": null,
      "operating_income": 8025000,
      "net_income": 3872000,
      "opex": 16198000,
      "cogs": null,
      "rd": null,
      "sga": null,
      "fcf": 10162000,
      "ocf": 10162000,
      "capex": null,
      "gross_margin": null,
      "op_margin": 0.33129670148206253,
      "fcf_margin": 0.4195186393097469,
      "incr_op_margin_yoy": 0.33976833976833976,
      "rev_growth_yoy": 0.09353979504311317,
      "rev_growth_yoy_accel": 0.01979481285917921,
      "op_leverage_ratio": Infinity,
      "fcf_margin_change": -0.09522554282920964
    },
    {
      "date": "2023-12-31T00:00:00",
      "quarter_label": "2023-12 (Q4)",
      "revenue": 24320000,
      "gross_profit": null,
      "operating_income": 8155000,
      "net_income": 3593000,
      "opex": 16165000,
      "cogs": null,
      "rd": null,
      "sga": null,
      "fcf": 10433000,
      "ocf": 10455000,
      "capex": -22000,
      "gross_margin": null,
      "op_margin": 0.3353207236842105,
      "fcf_margin": 0.4289884868421053,
      "rev_growth_yoy": 0.007957559681697613,
      "rev_growth_yoy_accel": -0.08558223536141556,
      "fcf_margin_change": 0.009469847532358355
    },
    {
      "date": "2024-03-31T00:00:00",
      "quarter_label": "2024-03 (Q1)",
      "revenue": 25141000,
      "gross_profit": null,
      "operating_income": 9463000,
      "net_income": 5300000,
      "opex": 15678000,
      "cogs": null,
      "rd": null,
      "sga": null,
      "fcf": 11738000,
      "ocf": 11738000,
      "capex": null,
      "gross_margin": null,
      "op_margin": 0.376397120241836,
      "fcf_margin": 0.46688675868103896,
      "incr_op_margin_yoy": 0.8762402088772846,
      "rev_growth_yoy": 0.08245070179970722,
      "rev_growth_yoy_accel": 0.0744931421180096,
      "op_leverage_ratio": Infinity,
      "fcf_margin_change": 0.037898271838933684
    },
    {
      "date": "2024-06-30T00:00:00",
      "quarter_label": "2024-06 (Q2)",
      "revenue": 24734000,
      "gross_profit": null,
      "operating_income": 9584000,
      "net_income": 5276000,
      "opex": 15150000,
      "cogs": null,
      "rd": null,
      "sga": null,
      "fcf": 12127000,
      "ocf": 12127000,
      "capex": null,
      "gross_margin": null,
      "op_margin": 0.3874828171747392,
      "fcf_margin": 0.49029675749979784,
      "rev_growth_yoy": 0.03898176930185668,
      "rev_growth_yoy_accel": -0.04346893249785054,
      "fcf_margin_change": 0.02340999881875888
    },
    {
      "date": "2024-09-30T00:00:00",
      "quarter_label": "2024-09 (Q3)",
      "revenue": 24494000,
      "gross_profit": null,
      "operating_income": 8490000,
      "net_income": 3997000,
      "opex": 16004000,
      "cogs": null,
      "rd": null,
      "sga": null,
      "fcf": 9893000,
      "ocf": 9893000,
      "capex": null,
      "gross_margin": null,
      "op_margin": 0.3466154976728995,
      "fcf_margin": 0.4038948313872785,
      "rev_growth_yoy": 0.01118771415596747,
      "rev_growth_yoy_accel": -0.02779405514588921,
      "fcf_margin_change": -0.08640192611251934
    },
    {
      "date": "2024-12-31T00:00:00",
      "quarter_label": "2024-12 (Q4)",
      "revenue": 24642000,
      "gross_profit": null,
      "operating_income": 9259000,
      "net_income": 4661000,
      "opex": 15383000,
      "cogs": null,
      "rd": null,
      "sga": null,
      "fcf": 13153000,
      "ocf": 13153000,
      "capex": null,
      "gross_margin": null,
      "op_margin": 0.3757406054703352,
      "fcf_margin": 0.5337634932229527,
      "rev_growth_yoy": 0.013240131578947368,
      "rev_growth_yoy_accel": 0.0020524174229798985,
      "fcf_margin_change": 0.1298686618356742
    },
    {
      "date": "2025-03-31T00:00:00",
      "quarter_label": "2025-03 (Q1)",
      "revenue": 24548000,
      "gross_profit": null,
      "operating_income": 9034000,
      "net_income": 4777000,
      "opex": 15514000,
      "cogs": null,
      "rd": null,
      "sga": null,
      "fcf": 11611000,
      "ocf": 11611000,
      "capex": null,
      "gross_margin": null,
      "op_margin": 0.3680136874694476,
      "fcf_margin": 0.4729916897506925,
      "rev_growth_yoy": -0.023586969492064756,
      "rev_growth_yoy_accel": -0.03682710107101213,
      "fcf_margin_change": -0.06077180347226019
    },
    {
      "date": "2025-06-30T00:00:00",
      "quarter_label": "2025-06 (Q2)",
      "revenue": 24868000,
      "gross_profit": null,
      "operating_income": 8844000,
      "net_income": 4492000,
      "opex": 16024000,
      "cogs": null,
      "rd": null,
      "sga": null,
      "fcf": 13685000,
      "ocf": 13685000,
      "capex": null,
      "gross_margin": null,
      "op_margin": 0.35563776741193504,
      "fcf_margin": 0.5503056136400193,
      "rev_growth_yoy": 0.005417643729279534,
      "rev_growth_yoy_accel": 0.02900461322134429,
      "op_leverage_ratio": 0.3965404313917192,
      "fcf_margin_change": 0.07731392388932679
    },
    {
      "date": "2025-09-30T00:00:00",
      "quarter_label": "2025-09 (Q3)",
      "revenue": 25302000,
      "gross_profit": null,
      "operating_income": 8394000,
      "net_income": 4016000,
      "opex": 16908000,
      "cogs": null,
      "rd": null,
      "sga": null,
      "fcf": 10199000,
      "ocf": 10199000,
      "capex": null,
      "gross_margin": null,
      "op_margin": 0.3317524306378942,
      "fcf_margin": 0.40309066476958344,
      "rev_growth_yoy": 0.0329876704499061,
      "rev_growth_yoy_accel": 0.02757002672062657,
      "op_leverage_ratio": 0.3163497838724211,
      "fcf_margin_change": -0.14721494887043585
    }
  ],
  "signals": [
    {
      "quarter": "2025-06 (Q2)",
      "signal": "FCF MARGIN EXPANSION",
      "detail": "FCF margin: +47.3% -> +55.0% (+7.7%)",
      "severity": "MEDIUM"
    },
    {
      "quarter": "2024-12 (Q4)",
      "signal": "FCF MARGIN EXPANSION",
      "detail": "FCF margin: +40.4% -> +53.4% (+13.0%)",
      "severity": "MEDIUM"
    },
    {
      "quarter": "2024-03 (Q1)",
      "signal": "YoY REVENUE GROWTH ACCELERATION",
      "detail": "YoY growth: +8.2% vs prior quarter YoY: +0.8% (accel: +7.4%)",
      "severity": "MEDIUM"
    },
    {
      "quarter": "2024-03 (Q1)",
      "signal": "INCREMENTAL MARGIN (YoY)",
      "detail": "YoY Incr OPM: +87.6% vs year-ago OPM: +33.5%",
      "severity": "HIGH"
    },
    {
      "quarter": "2023-12 (Q4)",
      "signal": "YoY REVENUE GROWTH DECELERATION",
      "detail": "YoY growth: +0.8% vs prior quarter YoY: +9.4% (decel: -8.6%)",
      "severity": "WARNING"
    },
    {
      "quarter": "2023-06 (Q2)",
      "signal": "FCF MARGIN EXPANSION",
      "detail": "FCF margin: +43.3% -> +51.5% (+8.1%)",
      "severity": "MEDIUM"
    },
    {
      "quarter": "2023-03 (Q1)",
      "signal": "YoY REVENUE GROWTH DECELERATION",
      "detail": "YoY growth: +4.7% vs prior quarter YoY: +12.7% (decel: -8.0%)",
      "severity": "WARNING"
    },
    {
      "quarter": "2022-12 (Q4)",
      "signal": "FCF MARGIN EXPANSION",
      "detail": "FCF margin: +43.2% -> +50.9% (+7.7%)",
      "severity": "MEDIUM"
    },
    {
      "quarter": "2022-12 (Q4)",
      "signal": "OPERATING LEVERAGE",
      "detail": "Rev growth +8.9% vs OpEx growth +3.8% (leverage: 2.3x)",
      "severity": "MEDIUM"
    },
    {
      "quarter": "2022-12 (Q4)",
      "signal": "YoY REVENUE GROWTH ACCELERATION",
      "detail": "YoY growth: +12.7% vs prior quarter YoY: +4.5% (accel: +8.2%)",
      "severity": "MEDIUM"
    },
    {
      "quarter": "2022-12 (Q4)",
      "signal": "INCREMENTAL MARGIN (YoY)",
      "detail": "YoY Incr OPM: +49.2% vs year-ago OPM: +34.5%",
      "severity": "MEDIUM"
    },
    {
      "quarter": "2022-06 (Q2)",
      "signal": "FCF TURNED POSITIVE",
      "detail": "FCF margin: -8.6% -> +59.6%",
      "severity": "HIGH"
    },
    {
      "quarter": "2021-12 (Q4)",
      "signal": "INCREMENTAL MARGIN (YoY)",
      "detail": "YoY Incr OPM: +47.7% vs year-ago OPM: +33.5%",
      "severity": "MEDIUM"
    },
    {
      "quarter": "2021-06 (Q2)",
      "signal": "FCF MARGIN EXPANSION",
      "detail": "FCF margin: +54.4% -> +67.8% (+13.4%)",
      "severity": "MEDIUM"
    },
    {
      "quarter": "2021-03 (Q1)",
      "signal": "OPERATING LEVERAGE",
      "detail": "Rev growth +4.4% vs OpEx growth +2.0% (leverage: 2.2x)",
      "severity": "MEDIUM"
    }
  ],
  "data_quality": {
    "n_quarters": 20,
    "coverage": {
      "revenue": [
        20,
        20
      ],
      "gross_profit": [
        0,
        20
      ],
      "op_income": [
        20,
        20
      ],
      "fcf": [
        20,
        20
      ]
    },
    "gaps": [],
    "warnings": [
      "gross_profit: no data"
    ]
  },
  "market_cap": null,
  "source": "SEC EDGAR",
  "last_updated": "2026-02-02T22:22:01.131359"
}