{
  "ticker": "ULCC",
  "name": "Frontier Group Holdings, Inc.",
  "sector": "Industrials",
  "industry": "Airlines",
  "quarters": [
    {
      "date": "2021-03-31T00:00:00",
      "quarter_label": "2021-03 (Q1)",
      "revenue": 271000000,
      "gross_profit": null,
      "operating_income": -92000000,
      "net_income": -91000000,
      "opex": 363000000,
      "cogs": null,
      "rd": null,
      "sga": null,
      "fcf": 30000000,
      "ocf": 30000000,
      "capex": null,
      "gross_margin": null,
      "op_margin": -0.33948339483394835,
      "fcf_margin": 0.11070110701107011
    },
    {
      "date": "2021-06-30T00:00:00",
      "quarter_label": "2021-06 (Q2)",
      "revenue": 550000000,
      "gross_profit": null,
      "operating_income": 18000000,
      "net_income": 19000000,
      "opex": 532000000,
      "cogs": null,
      "rd": null,
      "sga": null,
      "fcf": 212000000,
      "ocf": 212000000,
      "capex": null,
      "gross_margin": null,
      "op_margin": 0.03272727272727273,
      "fcf_margin": 0.38545454545454544,
      "op_leverage_ratio": 2.2113364920631455,
      "fcf_margin_change": 0.27475343844347533
    },
    {
      "date": "2021-09-30T00:00:00",
      "quarter_label": "2021-09 (Q3)",
      "revenue": 630000000,
      "gross_profit": null,
      "operating_income": 43000000,
      "net_income": 23000000,
      "opex": 587000000,
      "cogs": null,
      "rd": null,
      "sga": null,
      "fcf": -146000000,
      "ocf": -146000000,
      "capex": null,
      "gross_margin": null,
      "op_margin": 0.06825396825396825,
      "fcf_margin": -0.23174603174603176,
      "op_leverage_ratio": 1.4069421487603306,
      "fcf_margin_change": -0.6172005772005772
    },
    {
      "date": "2021-12-31T00:00:00",
      "quarter_label": "2021-12 (Q4)",
      "revenue": 609000000,
      "gross_profit": null,
      "operating_income": -86000000,
      "net_income": -53000000,
      "opex": 695000000,
      "cogs": null,
      "rd": null,
      "sga": null,
      "fcf": 120000000,
      "ocf": 120000000,
      "capex": null,
      "gross_margin": null,
      "op_margin": -0.1412151067323481,
      "fcf_margin": 0.19704433497536947,
      "fcf_margin_change": 0.42879036672140125
    },
    {
      "date": "2022-03-31T00:00:00",
      "quarter_label": "2022-03 (Q1)",
      "revenue": 605000000,
      "gross_profit": null,
      "operating_income": -153000000,
      "net_income": -121000000,
      "opex": 758000000,
      "cogs": null,
      "rd": null,
      "sga": null,
      "fcf": -87000000,
      "ocf": -87000000,
      "capex": null,
      "gross_margin": null,
      "op_margin": -0.2528925619834711,
      "fcf_margin": -0.14380165289256197,
      "incr_op_margin_yoy": -0.18263473053892215,
      "rev_growth_yoy": 1.2324723247232472,
      "fcf_margin_change": -0.3408459878679314
    },
    {
      "date": "2022-06-30T00:00:00",
      "quarter_label": "2022-06 (Q2)",
      "revenue": 909000000,
      "gross_profit": null,
      "operating_income": 7000000,
      "net_income": 13000000,
      "opex": 902000000,
      "cogs": null,
      "rd": null,
      "sga": null,
      "fcf": 20000000,
      "ocf": 20000000,
      "capex": null,
      "gross_margin": null,
      "op_margin": 0.007700770077007701,
      "fcf_margin": 0.022002200220022004,
      "incr_op_margin_yoy": -0.03064066852367688,
      "rev_growth_yoy": 0.6527272727272727,
      "rev_growth_yoy_accel": -0.5797450519959745,
      "op_leverage_ratio": 2.6449954086317726,
      "fcf_margin_change": 0.16580385311258397
    },
    {
      "date": "2022-09-30T00:00:00",
      "quarter_label": "2022-09 (Q3)",
      "revenue": 906000000,
      "gross_profit": null,
      "operating_income": 56000000,
      "net_income": 31000000,
      "opex": 850000000,
      "cogs": null,
      "rd": null,
      "sga": null,
      "fcf": -105000000,
      "ocf": -105000000,
      "capex": null,
      "gross_margin": null,
      "op_margin": 0.06181015452538632,
      "fcf_margin": -0.11589403973509933,
      "incr_op_margin_yoy": 0.04710144927536232,
      "rev_growth_yoy": 0.4380952380952381,
      "rev_growth_yoy_accel": -0.21463203463203462,
      "fcf_margin_change": -0.13789623995512135
    },
    {
      "date": "2022-12-31T00:00:00",
      "quarter_label": "2022-12 (Q4)",
      "revenue": 906000000,
      "gross_profit": null,
      "operating_income": 45000000,
      "net_income": 40000000,
      "opex": 861000000,
      "cogs": null,
      "rd": null,
      "sga": null,
      "fcf": 94000000,
      "ocf": 94000000,
      "capex": null,
      "gross_margin": null,
      "op_margin": 0.04966887417218543,
      "fcf_margin": 0.10375275938189846,
      "incr_op_margin_yoy": 0.44107744107744107,
      "rev_growth_yoy": 0.4876847290640394,
      "rev_growth_yoy_accel": 0.04958949096880133,
      "fcf_margin_change": 0.2196467991169978
    },
    {
      "date": "2023-03-31T00:00:00",
      "quarter_label": "2023-03 (Q1)",
      "revenue": 848000000,
      "gross_profit": null,
      "operating_income": -25000000,
      "net_income": -13000000,
      "opex": 873000000,
      "cogs": null,
      "rd": null,
      "sga": null,
      "fcf": -25000000,
      "ocf": -25000000,
      "capex": null,
      "gross_margin": null,
      "op_margin": -0.0294811320754717,
      "fcf_margin": -0.0294811320754717,
      "incr_op_margin_yoy": 0.5267489711934157,
      "rev_growth_yoy": 0.40165289256198344,
      "rev_growth_yoy_accel": -0.08603183650205598,
      "fcf_margin_change": -0.13323389145737016
    },
    {
      "date": "2023-06-30T00:00:00",
      "quarter_label": "2023-06 (Q2)",
      "revenue": 967000000,
      "gross_profit": null,
      "operating_income": 79000000,
      "net_income": 71000000,
      "opex": 888000000,
      "cogs": null,
      "rd": null,
      "sga": null,
      "fcf": -9000000,
      "ocf": -9000000,
      "capex": null,
      "gross_margin": null,
      "op_margin": 0.08169596690796277,
      "fcf_margin": -0.009307135470527405,
      "incr_op_margin_yoy": 1.2413793103448276,
      "rev_growth_yoy": 0.0638063806380638,
      "rev_growth_yoy_accel": -0.3378465119239196,
      "op_leverage_ratio": 8.167216981132075,
      "fcf_margin_change": 0.020173996604944296
    },
    {
      "date": "2023-09-30T00:00:00",
      "quarter_label": "2023-09 (Q3)",
      "revenue": 883000000,
      "gross_profit": null,
      "operating_income": -54000000,
      "net_income": -32000000,
      "opex": 937000000,
      "cogs": null,
      "rd": null,
      "sga": null,
      "fcf": -173000000,
      "ocf": -173000000,
      "capex": null,
      "gross_margin": null,
      "op_margin": -0.061155152887882216,
      "fcf_margin": -0.19592298980747452,
      "incr_op_margin_yoy": 4.782608695652174,
      "rev_growth_yoy": -0.025386313465783666,
      "rev_growth_yoy_accel": -0.08919269410384748,
      "fcf_margin_change": -0.1866158543369471
    },
    {
      "date": "2023-12-31T00:00:00",
      "quarter_label": "2023-12 (Q4)",
      "revenue": 891000000,
      "gross_profit": null,
      "operating_income": -3000000,
      "net_income": -37000000,
      "opex": 894000000,
      "cogs": null,
      "rd": null,
      "sga": null,
      "fcf": -54000000,
      "ocf": -54000000,
      "capex": null,
      "gross_margin": null,
      "op_margin": -0.003367003367003367,
      "fcf_margin": -0.06060606060606061,
      "incr_op_margin_yoy": 3.2,
      "rev_growth_yoy": -0.016556291390728478,
      "rev_growth_yoy_accel": 0.008830022075055188,
      "fcf_margin_change": 0.13531692920141392
    },
    {
      "date": "2024-03-31T00:00:00",
      "quarter_label": "2024-03 (Q1)",
      "revenue": 865000000,
      "gross_profit": null,
      "operating_income": -31000000,
      "net_income": -26000000,
      "opex": 896000000,
      "cogs": null,
      "rd": null,
      "sga": null,
      "fcf": -22000000,
      "ocf": -22000000,
      "capex": null,
      "gross_margin": null,
      "op_margin": -0.035838150289017344,
      "fcf_margin": -0.025433526011560695,
      "incr_op_margin_yoy": -0.35294117647058826,
      "rev_growth_yoy": 0.020047169811320754,
      "rev_growth_yoy_accel": 0.03660346120204923,
      "fcf_margin_change": 0.03517253459449991
    },
    {
      "date": "2024-06-30T00:00:00",
      "quarter_label": "2024-06 (Q2)",
      "revenue": 973000000,
      "gross_profit": null,
      "operating_income": 25000000,
      "net_income": 31000000,
      "opex": 948000000,
      "cogs": null,
      "rd": null,
      "sga": null,
      "fcf": 9000000,
      "ocf": 9000000,
      "capex": null,
      "gross_margin": null,
      "op_margin": 0.025693730729701953,
      "fcf_margin": 0.009249743062692703,
      "incr_op_margin_yoy": -9.0,
      "rev_growth_yoy": 0.0062047569803516025,
      "rev_growth_yoy_accel": -0.013842412830969151,
      "op_leverage_ratio": 2.1513561582925744,
      "fcf_margin_change": 0.0346832690742534
    },
    {
      "date": "2024-09-30T00:00:00",
      "quarter_label": "2024-09 (Q3)",
      "revenue": 935000000,
      "gross_profit": null,
      "operating_income": 19000000,
      "net_income": 26000000,
      "opex": 916000000,
      "cogs": null,
      "rd": null,
      "sga": null,
      "fcf": -156000000,
      "ocf": -156000000,
      "capex": null,
      "gross_margin": null,
      "op_margin": 0.020320855614973262,
      "fcf_margin": -0.16684491978609625,
      "incr_op_margin_yoy": 1.4038461538461537,
      "rev_growth_yoy": 0.05889014722536806,
      "rev_growth_yoy_accel": 0.05268539024501646,
      "fcf_margin_change": -0.17609466284878894
    },
    {
      "date": "2024-12-31T00:00:00",
      "quarter_label": "2024-12 (Q4)",
      "revenue": 1002000000,
      "gross_profit": null,
      "operating_income": 45000000,
      "net_income": 54000000,
      "opex": 957000000,
      "cogs": null,
      "rd": null,
      "sga": null,
      "fcf": 87000000,
      "ocf": 87000000,
      "capex": null,
      "gross_margin": null,
      "op_margin": 0.04491017964071856,
      "fcf_margin": 0.08682634730538923,
      "incr_op_margin_yoy": 0.43243243243243246,
      "rev_growth_yoy": 0.12457912457912458,
      "rev_growth_yoy_accel": 0.06568897735375652,
      "op_leverage_ratio": 1.6009390896047997,
      "fcf_margin_change": 0.25367126709148546
    },
    {
      "date": "2025-03-31T00:00:00",
      "quarter_label": "2025-03 (Q1)",
      "revenue": 912000000,
      "gross_profit": null,
      "operating_income": -46000000,
      "net_income": -43000000,
      "opex": 958000000,
      "cogs": null,
      "rd": null,
      "sga": null,
      "fcf": -86000000,
      "ocf": -86000000,
      "capex": null,
      "gross_margin": null,
      "op_margin": -0.05043859649122807,
      "fcf_margin": -0.09429824561403509,
      "incr_op_margin_yoy": -0.3191489361702128,
      "rev_growth_yoy": 0.05433526011560694,
      "rev_growth_yoy_accel": -0.07024386446351764,
      "fcf_margin_change": -0.18112459291942432
    },
    {
      "date": "2025-06-30T00:00:00",
      "quarter_label": "2025-06 (Q2)",
      "revenue": 929000000,
      "gross_profit": null,
      "operating_income": -75000000,
      "net_income": -70000000,
      "opex": 1004000000,
      "cogs": null,
      "rd": null,
      "sga": null,
      "fcf": -133000000,
      "ocf": -133000000,
      "capex": null,
      "gross_margin": null,
      "op_margin": -0.08073196986006459,
      "fcf_margin": -0.14316469321851452,
      "incr_op_margin_yoy": 2.272727272727273,
      "rev_growth_yoy": -0.045220966084275435,
      "rev_growth_yoy_accel": -0.09955622619988237,
      "op_leverage_ratio": 0.38820556826849734,
      "fcf_margin_change": -0.04886644760447943
    },
    {
      "date": "2025-09-30T00:00:00",
      "quarter_label": "2025-09 (Q3)",
      "revenue": 886000000,
      "gross_profit": null,
      "operating_income": -77000000,
      "net_income": -77000000,
      "opex": 963000000,
      "cogs": null,
      "rd": null,
      "sga": null,
      "fcf": -215000000,
      "ocf": -215000000,
      "capex": null,
      "gross_margin": null,
      "op_margin": -0.08690744920993228,
      "fcf_margin": -0.24266365688487584,
      "incr_op_margin_yoy": 1.9591836734693877,
      "rev_growth_yoy": -0.052406417112299465,
      "rev_growth_yoy_accel": -0.00718545102802403,
      "fcf_margin_change": -0.09949896366636132
    },
    {
      "date": "2025-12-31T00:00:00",
      "quarter_label": "2025-12 (Q4)",
      "revenue": 997000000,
      "gross_profit": null,
      "operating_income": 49000000,
      "net_income": 53000000,
      "opex": 948000000,
      "cogs": null,
      "rd": null,
      "sga": null,
      "fcf": -91000000,
      "ocf": -91000000,
      "capex": null,
      "gross_margin": null,
      "op_margin": 0.04914744232698094,
      "fcf_margin": -0.09127382146439318,
      "incr_op_margin_yoy": -0.8,
      "rev_growth_yoy": -0.00499001996007984,
      "rev_growth_yoy_accel": 0.047416397152219625,
      "op_leverage_ratio": null,
      "fcf_margin_change": 0.15138983542048268
    }
  ],
  "signals": [
    {
      "quarter": "2025-12 (Q4)",
      "signal": "FCF MARGIN EXPANSION",
      "detail": "FCF margin: -24.3% -> -9.1% (+15.1%)",
      "severity": "MEDIUM"
    },
    {
      "quarter": "2025-12 (Q4)",
      "signal": "OP MARGIN TURNED POSITIVE (QoQ)",
      "detail": "Op margin: -8.7% -> +4.9%",
      "severity": "HIGH"
    },
    {
      "quarter": "2025-06 (Q2)",
      "signal": "YoY REVENUE GROWTH DECELERATION",
      "detail": "YoY growth: -4.5% vs prior quarter YoY: +5.4% (decel: -10.0%)",
      "severity": "WARNING"
    },
    {
      "quarter": "2025-03 (Q1)",
      "signal": "YoY REVENUE GROWTH DECELERATION",
      "detail": "YoY growth: +5.4% vs prior quarter YoY: +12.5% (decel: -7.0%)",
      "severity": "WARNING"
    },
    {
      "quarter": "2024-12 (Q4)",
      "signal": "FCF TURNED POSITIVE",
      "detail": "FCF margin: -16.7% -> +8.7%",
      "severity": "HIGH"
    },
    {
      "quarter": "2024-12 (Q4)",
      "signal": "OPERATING LEVERAGE",
      "detail": "Rev growth +7.2% vs OpEx growth +4.5% (leverage: 1.6x)",
      "severity": "MEDIUM"
    },
    {
      "quarter": "2024-12 (Q4)",
      "signal": "YoY REVENUE GROWTH ACCELERATION",
      "detail": "YoY growth: +12.5% vs prior quarter YoY: +5.9% (accel: +6.6%)",
      "severity": "MEDIUM"
    },
    {
      "quarter": "2024-12 (Q4)",
      "signal": "OP MARGIN TURNED POSITIVE (YoY)",
      "detail": "Op margin: -0.3% (year-ago) -> +4.5%",
      "severity": "HIGH"
    },
    {
      "quarter": "2024-09 (Q3)",
      "signal": "YoY REVENUE GROWTH ACCELERATION",
      "detail": "YoY growth: +5.9% vs prior quarter YoY: +0.6% (accel: +5.3%)",
      "severity": "MEDIUM"
    },
    {
      "quarter": "2024-09 (Q3)",
      "signal": "OP MARGIN TURNED POSITIVE (YoY)",
      "detail": "Op margin: -6.1% (year-ago) -> +2.0%",
      "severity": "HIGH"
    },
    {
      "quarter": "2024-06 (Q2)",
      "signal": "FCF TURNED POSITIVE",
      "detail": "FCF margin: -2.5% -> +0.9%",
      "severity": "HIGH"
    },
    {
      "quarter": "2024-06 (Q2)",
      "signal": "OPERATING LEVERAGE",
      "detail": "Rev growth +12.5% vs OpEx growth +5.8% (leverage: 2.2x)",
      "severity": "MEDIUM"
    },
    {
      "quarter": "2024-06 (Q2)",
      "signal": "OP MARGIN TURNED POSITIVE (QoQ)",
      "detail": "Op margin: -3.6% -> +2.6%",
      "severity": "HIGH"
    },
    {
      "quarter": "2023-12 (Q4)",
      "signal": "FCF MARGIN EXPANSION",
      "detail": "FCF margin: -19.6% -> -6.1% (+13.5%)",
      "severity": "MEDIUM"
    },
    {
      "quarter": "2023-09 (Q3)",
      "signal": "YoY REVENUE GROWTH DECELERATION",
      "detail": "YoY growth: -2.5% vs prior quarter YoY: +6.4% (decel: -8.9%)",
      "severity": "WARNING"
    },
    {
      "quarter": "2023-06 (Q2)",
      "signal": "OPERATING LEVERAGE",
      "detail": "Rev growth +14.0% vs OpEx growth +1.7% (leverage: 8.2x)",
      "severity": "MEDIUM"
    },
    {
      "quarter": "2023-06 (Q2)",
      "signal": "YoY REVENUE GROWTH DECELERATION",
      "detail": "YoY growth: +6.4% vs prior quarter YoY: +40.2% (decel: -33.8%)",
      "severity": "WARNING"
    },
    {
      "quarter": "2023-06 (Q2)",
      "signal": "INCREMENTAL MARGIN (YoY)",
      "detail": "YoY Incr OPM: +124.1% vs year-ago OPM: +0.8%",
      "severity": "HIGH"
    },
    {
      "quarter": "2023-06 (Q2)",
      "signal": "OP MARGIN TURNED POSITIVE (QoQ)",
      "detail": "Op margin: -2.9% -> +8.2%",
      "severity": "HIGH"
    },
    {
      "quarter": "2023-03 (Q1)",
      "signal": "YoY REVENUE GROWTH DECELERATION",
      "detail": "YoY growth: +40.2% vs prior quarter YoY: +48.8% (decel: -8.6%)",
      "severity": "WARNING"
    },
    {
      "quarter": "2022-12 (Q4)",
      "signal": "FCF TURNED POSITIVE",
      "detail": "FCF margin: -11.6% -> +10.4%",
      "severity": "HIGH"
    },
    {
      "quarter": "2022-12 (Q4)",
      "signal": "OP MARGIN TURNED POSITIVE (YoY)",
      "detail": "Op margin: -14.1% (year-ago) -> +5.0%",
      "severity": "HIGH"
    },
    {
      "quarter": "2022-09 (Q3)",
      "signal": "YoY REVENUE GROWTH DECELERATION",
      "detail": "YoY growth: +43.8% vs prior quarter YoY: +65.3% (decel: -21.5%)",
      "severity": "WARNING"
    },
    {
      "quarter": "2022-06 (Q2)",
      "signal": "FCF TURNED POSITIVE",
      "detail": "FCF margin: -14.4% -> +2.2%",
      "severity": "HIGH"
    },
    {
      "quarter": "2022-06 (Q2)",
      "signal": "OPERATING LEVERAGE",
      "detail": "Rev growth +50.2% vs OpEx growth +19.0% (leverage: 2.6x)",
      "severity": "MEDIUM"
    },
    {
      "quarter": "2022-06 (Q2)",
      "signal": "YoY REVENUE GROWTH DECELERATION",
      "detail": "YoY growth: +65.3% vs prior quarter YoY: +123.2% (decel: -58.0%)",
      "severity": "WARNING"
    },
    {
      "quarter": "2022-06 (Q2)",
      "signal": "OP MARGIN TURNED POSITIVE (QoQ)",
      "detail": "Op margin: -25.3% -> +0.8%",
      "severity": "HIGH"
    },
    {
      "quarter": "2021-12 (Q4)",
      "signal": "FCF TURNED POSITIVE",
      "detail": "FCF margin: -23.2% -> +19.7%",
      "severity": "HIGH"
    },
    {
      "quarter": "2021-06 (Q2)",
      "signal": "FCF MARGIN EXPANSION",
      "detail": "FCF margin: +11.1% -> +38.5% (+27.5%)",
      "severity": "MEDIUM"
    },
    {
      "quarter": "2021-06 (Q2)",
      "signal": "OPERATING LEVERAGE",
      "detail": "Rev growth +103.0% vs OpEx growth +46.6% (leverage: 2.2x)",
      "severity": "MEDIUM"
    },
    {
      "quarter": "2021-06 (Q2)",
      "signal": "OP MARGIN TURNED POSITIVE (QoQ)",
      "detail": "Op margin: -33.9% -> +3.3%",
      "severity": "HIGH"
    }
  ],
  "data_quality": {
    "n_quarters": 20,
    "coverage": {
      "revenue": [
        20,
        20
      ],
      "gross_profit": [
        0,
        20
      ],
      "op_income": [
        20,
        20
      ],
      "fcf": [
        20,
        20
      ]
    },
    "gaps": [],
    "warnings": [
      "gross_profit: no data"
    ]
  },
  "market_cap": null,
  "source": "SEC EDGAR",
  "last_updated": "2026-02-24T10:28:10.548849"
}