{
  "ticker": "ULH",
  "name": "UNIVERSAL LOGISTICS HOLDINGS, INC.",
  "quarters": [
    {
      "date": "2020-12-31T00:00:00",
      "quarter_label": "2020-12 (Q4)",
      "revenue": 385953000,
      "gross_profit": null,
      "operating_income": 23549000,
      "net_income": null,
      "opex": 362404000,
      "cogs": null,
      "rd": null,
      "sga": null,
      "fcf": 3722000,
      "ocf": 21596000,
      "capex": -17874000,
      "gross_margin": null,
      "op_margin": 0.061015201332804775,
      "fcf_margin": 0.009643661274818437
    },
    {
      "date": "2021-04-03T00:00:00",
      "quarter_label": "2021-04 (Q2)",
      "revenue": 415231000,
      "gross_profit": null,
      "operating_income": 31156000,
      "net_income": 21655000,
      "opex": 384075000,
      "cogs": null,
      "rd": null,
      "sga": null,
      "fcf": 38197000,
      "ocf": 43137000,
      "capex": -4940000,
      "gross_margin": null,
      "op_margin": 0.07503293347558347,
      "fcf_margin": 0.09198975991676922,
      "op_leverage_ratio": 1.268589217635464,
      "fcf_margin_change": 0.08234609864195078
    },
    {
      "date": "2021-07-03T00:00:00",
      "quarter_label": "2021-07 (Q3)",
      "revenue": 422783000,
      "gross_profit": null,
      "operating_income": 31313000,
      "net_income": 25604000,
      "opex": 391470000,
      "cogs": null,
      "rd": null,
      "sga": null,
      "fcf": -1682000,
      "ocf": 10319000,
      "capex": -12001000,
      "gross_margin": null,
      "op_margin": 0.07406399973508869,
      "fcf_margin": -0.003978400266803538,
      "op_leverage_ratio": 0.9446046364289917,
      "fcf_margin_change": -0.09596816018357276
    },
    {
      "date": "2021-10-02T00:00:00",
      "quarter_label": "2021-10 (Q4)",
      "revenue": 445594000,
      "gross_profit": null,
      "operating_income": 16714000,
      "net_income": 10273000,
      "opex": 428880000,
      "cogs": null,
      "rd": null,
      "sga": null,
      "fcf": -9002000,
      "ocf": 292000,
      "capex": -9294000,
      "gross_margin": null,
      "op_margin": 0.03750948172551695,
      "fcf_margin": -0.020202246888423092,
      "op_leverage_ratio": 0.5645957257963885,
      "fcf_margin_change": -0.016223846621619555
    },
    {
      "date": "2021-12-31T00:00:00",
      "quarter_label": "2021-12 (Q4)",
      "revenue": 467372000,
      "gross_profit": null,
      "operating_income": 23777000,
      "net_income": 16200000,
      "opex": 443595000,
      "cogs": null,
      "rd": null,
      "sga": null,
      "fcf": 16926000,
      "ocf": 29532000,
      "capex": -12606000,
      "gross_margin": null,
      "op_margin": 0.05087382213739805,
      "fcf_margin": 0.036215263216452846,
      "incr_op_margin_yoy": 0.0028003291614979303,
      "rev_growth_yoy": 0.21095573813391785,
      "op_leverage_ratio": 1.424472885285878,
      "fcf_margin_change": 0.05641751010487594
    },
    {
      "date": "2022-04-02T00:00:00",
      "quarter_label": "2022-04 (Q2)",
      "revenue": 523861000,
      "gross_profit": null,
      "operating_income": 57848000,
      "net_income": 42008000,
      "opex": 466013000,
      "cogs": null,
      "rd": null,
      "sga": null,
      "fcf": 35073000,
      "ocf": 41120000,
      "capex": -6047000,
      "gross_margin": null,
      "op_margin": 0.1104262390214198,
      "fcf_margin": 0.06695096600052304,
      "incr_op_margin_yoy": 0.24571481174629475,
      "rev_growth_yoy": 0.2616134151833558,
      "rev_growth_yoy_accel": 0.05065767704943794,
      "op_leverage_ratio": 2.391613375915805,
      "fcf_margin_change": 0.030735702784070194
    },
    {
      "date": "2022-07-02T00:00:00",
      "quarter_label": "2022-07 (Q3)",
      "revenue": 527182000,
      "gross_profit": null,
      "operating_income": 64651000,
      "net_income": 44699000,
      "opex": 462531000,
      "cogs": null,
      "rd": null,
      "sga": null,
      "fcf": -3299000,
      "ocf": 28198000,
      "capex": -31497000,
      "gross_margin": null,
      "op_margin": 0.12263506720639172,
      "fcf_margin": -0.006257800911260248,
      "incr_op_margin_yoy": 0.3193325606567113,
      "rev_growth_yoy": 0.2469328236944248,
      "rev_growth_yoy_accel": -0.014680591488931,
      "fcf_margin_change": -0.07320876691178328
    },
    {
      "date": "2022-10-01T00:00:00",
      "quarter_label": "2022-10 (Q4)",
      "revenue": 505692000,
      "gross_profit": null,
      "operating_income": 69771000,
      "net_income": 48480000,
      "opex": 435921000,
      "cogs": null,
      "rd": null,
      "sga": null,
      "fcf": 26913000,
      "ocf": 75179000,
      "capex": -48266000,
      "gross_margin": null,
      "op_margin": 0.13797133432998743,
      "fcf_margin": 0.0532201419045585,
      "incr_op_margin_yoy": 0.8828413591134481,
      "rev_growth_yoy": 0.1348716544657244,
      "rev_growth_yoy_accel": -0.11206116922870038,
      "fcf_margin_change": 0.05947794281581875
    },
    {
      "date": "2022-12-31T00:00:00",
      "quarter_label": "2022-12 (Q4)",
      "revenue": 458721000,
      "gross_profit": null,
      "operating_income": 48165000,
      "net_income": 33445000,
      "opex": 410556000,
      "cogs": null,
      "rd": null,
      "sga": null,
      "fcf": 37619000,
      "ocf": 68908000,
      "capex": -31289000,
      "gross_margin": null,
      "op_margin": 0.10499846311810447,
      "fcf_margin": 0.08200845394041258,
      "incr_op_margin_yoy": -2.8190960582591607,
      "rev_growth_yoy": -0.018509880780192223,
      "rev_growth_yoy_accel": -0.15338153524591663,
      "fcf_margin_change": 0.028788312035854073
    },
    {
      "date": "2023-04-01T00:00:00",
      "quarter_label": "2023-04 (Q2)",
      "revenue": 437396000,
      "gross_profit": null,
      "operating_income": 38196000,
      "net_income": 24876000,
      "opex": 399200000,
      "cogs": null,
      "rd": null,
      "sga": null,
      "fcf": 33145000,
      "ocf": 64481000,
      "capex": -31336000,
      "gross_margin": null,
      "op_margin": 0.0873259014714355,
      "fcf_margin": 0.0757780135163559,
      "incr_op_margin_yoy": 0.22728271554964435,
      "rev_growth_yoy": -0.16505332521413124,
      "rev_growth_yoy_accel": -0.14654344443393902,
      "fcf_margin_change": -0.006230440424056682
    },
    {
      "date": "2023-07-01T00:00:00",
      "quarter_label": "2023-07 (Q3)",
      "revenue": 412572000,
      "gross_profit": null,
      "operating_income": 36395000,
      "net_income": 23566000,
      "opex": 376177000,
      "cogs": null,
      "rd": null,
      "sga": null,
      "fcf": -8025000,
      "ocf": 40481000,
      "capex": -48506000,
      "gross_margin": null,
      "op_margin": 0.08821490551952144,
      "fcf_margin": -0.01945115034466711,
      "incr_op_margin_yoy": 0.24654044149725154,
      "rev_growth_yoy": -0.2174012011032243,
      "rev_growth_yoy_accel": -0.052347875889093065,
      "fcf_margin_change": -0.09522916386102301
    },
    {
      "date": "2023-09-30T00:00:00",
      "quarter_label": "2023-09 (Q3)",
      "revenue": 421251000,
      "gross_profit": null,
      "operating_income": 36761000,
      "net_income": 23047000,
      "opex": 384490000,
      "cogs": null,
      "rd": null,
      "sga": null,
      "fcf": -56010000,
      "ocf": 56246000,
      "capex": -112256000,
      "gross_margin": null,
      "op_margin": 0.08726626168246485,
      "fcf_margin": -0.1329611086976648,
      "incr_op_margin_yoy": 0.39092384031453914,
      "rev_growth_yoy": -0.1669810873021523,
      "rev_growth_yoy_accel": 0.050420113801072,
      "op_leverage_ratio": 0.951928646096003,
      "fcf_margin_change": -0.1135099583529977
    },
    {
      "date": "2023-12-31T00:00:00",
      "quarter_label": "2023-12 (Q4)",
      "revenue": 390920000,
      "gross_profit": null,
      "operating_income": 34092000,
      "net_income": 21413000,
      "opex": 356828000,
      "cogs": null,
      "rd": null,
      "sga": null,
      "fcf": 582000,
      "ocf": 49038000,
      "capex": -48456000,
      "gross_margin": null,
      "op_margin": 0.08720965926532283,
      "fcf_margin": 0.0014887956615164228,
      "incr_op_margin_yoy": 0.20756331027565966,
      "rev_growth_yoy": -0.1478044388637102,
      "rev_growth_yoy_accel": 0.019176648438442107,
      "fcf_margin_change": 0.13444990435918122
    },
    {
      "date": "2024-03-30T00:00:00",
      "quarter_label": "2024-03 (Q1)",
      "revenue": 491907000,
      "gross_profit": null,
      "operating_income": 75092000,
      "net_income": 52457000,
      "opex": 416815000,
      "cogs": null,
      "rd": null,
      "sga": null,
      "fcf": -31691000,
      "ocf": 36881000,
      "capex": -68572000,
      "gross_margin": null,
      "op_margin": 0.15265487175421372,
      "fcf_margin": -0.0644247794806742,
      "incr_op_margin_yoy": 0.6768542129111556,
      "rev_growth_yoy": 0.12462619685593833,
      "rev_growth_yoy_accel": 0.27243063571964854,
      "op_leverage_ratio": 1.536665579871853,
      "fcf_margin_change": -0.06591357514219062
    },
    {
      "date": "2024-06-29T00:00:00",
      "quarter_label": "2024-06 (Q2)",
      "revenue": 462164000,
      "gross_profit": null,
      "operating_income": 47103000,
      "net_income": 30734000,
      "opex": 415061000,
      "cogs": null,
      "rd": null,
      "sga": null,
      "fcf": -67590000,
      "ocf": 9550000,
      "capex": -77140000,
      "gross_margin": null,
      "op_margin": 0.10191836664041336,
      "fcf_margin": -0.14624678685488268,
      "incr_op_margin_yoy": 0.21592192289078885,
      "rev_growth_yoy": 0.12020204958164878,
      "rev_growth_yoy_accel": -0.004424147274289553,
      "fcf_margin_change": -0.08182200737420849
    },
    {
      "date": "2024-09-28T00:00:00",
      "quarter_label": "2024-09 (Q3)",
      "revenue": 426833000,
      "gross_profit": null,
      "operating_income": 42634000,
      "net_income": 26540000,
      "opex": 384199000,
      "cogs": null,
      "rd": null,
      "sga": null,
      "fcf": -58899000,
      "ocf": 6202000,
      "capex": -65101000,
      "gross_margin": null,
      "op_margin": 0.09988449815267329,
      "fcf_margin": -0.13799073642384727,
      "incr_op_margin_yoy": 1.0521318523826586,
      "rev_growth_yoy": 0.013251007119270934,
      "rev_growth_yoy_accel": -0.10695104246237784,
      "fcf_margin_change": 0.008256050431035417
    },
    {
      "date": "2024-12-31T00:00:00",
      "quarter_label": "2024-12 (Q4)",
      "revenue": 465131000,
      "gross_profit": null,
      "operating_income": 38284000,
      "net_income": 20176000,
      "opex": 426847000,
      "cogs": null,
      "rd": null,
      "sga": null,
      "fcf": 18948000,
      "ocf": 59738000,
      "capex": -40790000,
      "gross_margin": null,
      "op_margin": 0.08230799495195977,
      "fcf_margin": 0.04073691067677708,
      "incr_op_margin_yoy": 0.05648758270337281,
      "rev_growth_yoy": 0.18983679525222552,
      "rev_growth_yoy_accel": 0.17658578813295459,
      "op_leverage_ratio": 0.8083057468052175,
      "fcf_margin_change": 0.17872764710062433
    },
    {
      "date": "2025-03-29T00:00:00",
      "quarter_label": "2025-03 (Q1)",
      "revenue": 382390000,
      "gross_profit": null,
      "operating_income": 15680000,
      "net_income": 6014000,
      "opex": 366710000,
      "cogs": null,
      "rd": null,
      "sga": null,
      "fcf": 31735000,
      "ocf": 84308000,
      "capex": -52573000,
      "gross_margin": null,
      "op_margin": 0.041005256413609144,
      "fcf_margin": 0.08299118700802845,
      "incr_op_margin_yoy": 0.5424911201000758,
      "rev_growth_yoy": -0.22263761239421273,
      "rev_growth_yoy_accel": -0.4124744076464383,
      "fcf_margin_change": 0.04225427633125137
    },
    {
      "date": "2025-06-28T00:00:00",
      "quarter_label": "2025-06 (Q2)",
      "revenue": 393794000,
      "gross_profit": null,
      "operating_income": 19893000,
      "net_income": 8316000,
      "opex": 373901000,
      "cogs": null,
      "rd": null,
      "sga": null,
      "fcf": -58550000,
      "ocf": 25715000,
      "capex": -84265000,
      "gross_margin": null,
      "op_margin": 0.050516259770336774,
      "fcf_margin": -0.14868179809748244,
      "incr_op_margin_yoy": 0.3979815708644142,
      "rev_growth_yoy": -0.1479344994417566,
      "rev_growth_yoy_accel": 0.07470311295245613,
      "op_leverage_ratio": 1.5208421715838132,
      "fcf_margin_change": -0.23167298510551088
    },
    {
      "date": "2025-09-27T00:00:00",
      "quarter_label": "2025-09 (Q3)",
      "revenue": 396786000,
      "gross_profit": null,
      "operating_income": -74244000,
      "net_income": -74772000,
      "opex": 471030000,
      "cogs": null,
      "rd": null,
      "sga": null,
      "fcf": -28585000,
      "ocf": 25899000,
      "capex": -54484000,
      "gross_margin": null,
      "op_margin": -0.18711345662397363,
      "fcf_margin": -0.07204135226545291,
      "incr_op_margin_yoy": 3.889839251838786,
      "rev_growth_yoy": -0.07039521311613675,
      "rev_growth_yoy_accel": 0.07753928632561985,
      "fcf_margin_change": 0.07664044583202953
    }
  ],
  "signals": [
    {
      "quarter": "2025-09 (Q3)",
      "signal": "FCF MARGIN EXPANSION",
      "detail": "FCF margin: -14.9% -> -7.2% (+7.7%)",
      "severity": "MEDIUM"
    },
    {
      "quarter": "2025-09 (Q3)",
      "signal": "YoY REVENUE GROWTH ACCELERATION",
      "detail": "YoY growth: -7.0% vs prior quarter YoY: -14.8% (accel: +7.8%)",
      "severity": "MEDIUM"
    },
    {
      "quarter": "2025-06 (Q2)",
      "signal": "OPERATING LEVERAGE",
      "detail": "Rev growth +3.0% vs OpEx growth +2.0% (leverage: 1.5x)",
      "severity": "MEDIUM"
    },
    {
      "quarter": "2025-06 (Q2)",
      "signal": "YoY REVENUE GROWTH ACCELERATION",
      "detail": "YoY growth: -14.8% vs prior quarter YoY: -22.3% (accel: +7.5%)",
      "severity": "MEDIUM"
    },
    {
      "quarter": "2025-06 (Q2)",
      "signal": "INCREMENTAL MARGIN (YoY)",
      "detail": "YoY Incr OPM: +39.8% vs year-ago OPM: +10.2%",
      "severity": "HIGH"
    },
    {
      "quarter": "2025-03 (Q1)",
      "signal": "YoY REVENUE GROWTH DECELERATION",
      "detail": "YoY growth: -22.3% vs prior quarter YoY: +19.0% (decel: -41.2%)",
      "severity": "WARNING"
    },
    {
      "quarter": "2025-03 (Q1)",
      "signal": "INCREMENTAL MARGIN (YoY)",
      "detail": "YoY Incr OPM: +54.2% vs year-ago OPM: +15.3%",
      "severity": "HIGH"
    },
    {
      "quarter": "2024-12 (Q4)",
      "signal": "FCF TURNED POSITIVE",
      "detail": "FCF margin: -13.8% -> +4.1%",
      "severity": "HIGH"
    },
    {
      "quarter": "2024-12 (Q4)",
      "signal": "YoY REVENUE GROWTH ACCELERATION",
      "detail": "YoY growth: +19.0% vs prior quarter YoY: +1.3% (accel: +17.7%)",
      "severity": "HIGH"
    },
    {
      "quarter": "2024-09 (Q3)",
      "signal": "YoY REVENUE GROWTH DECELERATION",
      "detail": "YoY growth: +1.3% vs prior quarter YoY: +12.0% (decel: -10.7%)",
      "severity": "WARNING"
    },
    {
      "quarter": "2024-09 (Q3)",
      "signal": "INCREMENTAL MARGIN (YoY)",
      "detail": "YoY Incr OPM: +105.2% vs year-ago OPM: +8.7%",
      "severity": "HIGH"
    },
    {
      "quarter": "2024-06 (Q2)",
      "signal": "INCREMENTAL MARGIN (YoY)",
      "detail": "YoY Incr OPM: +21.6% vs year-ago OPM: +8.8%",
      "severity": "MEDIUM"
    },
    {
      "quarter": "2024-03 (Q1)",
      "signal": "OPERATING LEVERAGE",
      "detail": "Rev growth +25.8% vs OpEx growth +16.8% (leverage: 1.5x)",
      "severity": "MEDIUM"
    },
    {
      "quarter": "2024-03 (Q1)",
      "signal": "YoY REVENUE GROWTH ACCELERATION",
      "detail": "YoY growth: +12.5% vs prior quarter YoY: -14.8% (accel: +27.2%)",
      "severity": "HIGH"
    },
    {
      "quarter": "2024-03 (Q1)",
      "signal": "INCREMENTAL MARGIN (YoY)",
      "detail": "YoY Incr OPM: +67.7% vs year-ago OPM: +8.7%",
      "severity": "HIGH"
    },
    {
      "quarter": "2023-12 (Q4)",
      "signal": "FCF TURNED POSITIVE",
      "detail": "FCF margin: -13.3% -> +0.1%",
      "severity": "HIGH"
    },
    {
      "quarter": "2023-12 (Q4)",
      "signal": "INCREMENTAL MARGIN (YoY)",
      "detail": "YoY Incr OPM: +20.8% vs year-ago OPM: +10.5%",
      "severity": "MEDIUM"
    },
    {
      "quarter": "2023-09 (Q3)",
      "signal": "YoY REVENUE GROWTH ACCELERATION",
      "detail": "YoY growth: -16.7% vs prior quarter YoY: -21.7% (accel: +5.0%)",
      "severity": "MEDIUM"
    },
    {
      "quarter": "2023-09 (Q3)",
      "signal": "INCREMENTAL MARGIN (YoY)",
      "detail": "YoY Incr OPM: +39.1% vs year-ago OPM: +13.8%",
      "severity": "HIGH"
    },
    {
      "quarter": "2023-07 (Q3)",
      "signal": "YoY REVENUE GROWTH DECELERATION",
      "detail": "YoY growth: -21.7% vs prior quarter YoY: -16.5% (decel: -5.2%)",
      "severity": "WARNING"
    },
    {
      "quarter": "2023-07 (Q3)",
      "signal": "INCREMENTAL MARGIN (YoY)",
      "detail": "YoY Incr OPM: +24.7% vs year-ago OPM: +12.3%",
      "severity": "MEDIUM"
    },
    {
      "quarter": "2023-04 (Q2)",
      "signal": "YoY REVENUE GROWTH DECELERATION",
      "detail": "YoY growth: -16.5% vs prior quarter YoY: -1.9% (decel: -14.7%)",
      "severity": "WARNING"
    },
    {
      "quarter": "2023-04 (Q2)",
      "signal": "INCREMENTAL MARGIN (YoY)",
      "detail": "YoY Incr OPM: +22.7% vs year-ago OPM: +11.0%",
      "severity": "MEDIUM"
    },
    {
      "quarter": "2022-12 (Q4)",
      "signal": "YoY REVENUE GROWTH DECELERATION",
      "detail": "YoY growth: -1.9% vs prior quarter YoY: +13.5% (decel: -15.3%)",
      "severity": "WARNING"
    },
    {
      "quarter": "2022-10 (Q4)",
      "signal": "FCF TURNED POSITIVE",
      "detail": "FCF margin: -0.6% -> +5.3%",
      "severity": "HIGH"
    },
    {
      "quarter": "2022-10 (Q4)",
      "signal": "YoY REVENUE GROWTH DECELERATION",
      "detail": "YoY growth: +13.5% vs prior quarter YoY: +24.7% (decel: -11.2%)",
      "severity": "WARNING"
    },
    {
      "quarter": "2022-10 (Q4)",
      "signal": "INCREMENTAL MARGIN (YoY)",
      "detail": "YoY Incr OPM: +88.3% vs year-ago OPM: +3.8%",
      "severity": "HIGH"
    },
    {
      "quarter": "2022-07 (Q3)",
      "signal": "INCREMENTAL MARGIN (YoY)",
      "detail": "YoY Incr OPM: +31.9% vs year-ago OPM: +7.4%",
      "severity": "HIGH"
    },
    {
      "quarter": "2022-04 (Q2)",
      "signal": "OPERATING LEVERAGE",
      "detail": "Rev growth +12.1% vs OpEx growth +5.1% (leverage: 2.4x)",
      "severity": "MEDIUM"
    },
    {
      "quarter": "2022-04 (Q2)",
      "signal": "YoY REVENUE GROWTH ACCELERATION",
      "detail": "YoY growth: +26.2% vs prior quarter YoY: +21.1% (accel: +5.1%)",
      "severity": "MEDIUM"
    },
    {
      "quarter": "2022-04 (Q2)",
      "signal": "INCREMENTAL MARGIN (YoY)",
      "detail": "YoY Incr OPM: +24.6% vs year-ago OPM: +7.5%",
      "severity": "MEDIUM"
    },
    {
      "quarter": "2021-12 (Q4)",
      "signal": "FCF TURNED POSITIVE",
      "detail": "FCF margin: -2.0% -> +3.6%",
      "severity": "HIGH"
    },
    {
      "quarter": "2021-04 (Q2)",
      "signal": "FCF MARGIN EXPANSION",
      "detail": "FCF margin: +1.0% -> +9.2% (+8.2%)",
      "severity": "MEDIUM"
    }
  ],
  "data_quality": {
    "n_quarters": 20,
    "coverage": {
      "revenue": [
        20,
        20
      ],
      "gross_profit": [
        0,
        20
      ],
      "op_income": [
        20,
        20
      ],
      "fcf": [
        20,
        20
      ]
    },
    "gaps": [],
    "warnings": [
      "gross_profit: no data"
    ]
  },
  "market_cap": null,
  "source": "SEC EDGAR",
  "last_updated": "2026-02-02T22:32:40.178948"
}