{
  "ticker": "ULS",
  "name": "UL Solutions Inc.",
  "sector": "Industrials",
  "industry": "Specialty Business Services",
  "quarters": [
    {
      "date": "2023-03-31T00:00:00",
      "quarter_label": "2023-03 (Q1)",
      "revenue": 629000000,
      "gross_profit": 294000000,
      "operating_income": 75000000,
      "net_income": 55000000,
      "opex": 219000000,
      "cogs": 335000000,
      "rd": null,
      "sga": 219000000,
      "fcf": 98000000,
      "ocf": 161000000,
      "capex": -63000000,
      "gross_margin": 0.46740858505564387,
      "op_margin": 0.1192368839427663,
      "fcf_margin": 0.15580286168521462
    },
    {
      "date": "2023-06-30T00:00:00",
      "quarter_label": "2023-06 (Q2)",
      "revenue": 689000000,
      "gross_profit": 337000000,
      "operating_income": 117000000,
      "net_income": 94000000,
      "opex": 220000000,
      "cogs": 352000000,
      "rd": null,
      "sga": 220000000,
      "fcf": 9000000,
      "ocf": 59000000,
      "capex": -50000000,
      "gross_margin": 0.48911465892597966,
      "op_margin": 0.16981132075471697,
      "fcf_margin": 0.013062409288824383,
      "op_leverage_ratio": 20.89030206677266,
      "fcf_margin_change": -0.14274045239639024
    },
    {
      "date": "2023-09-30T00:00:00",
      "quarter_label": "2023-09 (Q3)",
      "revenue": 676000000,
      "gross_profit": 332000000,
      "operating_income": 89000000,
      "net_income": 53000000,
      "opex": 243000000,
      "cogs": 344000000,
      "rd": null,
      "sga": 206000000,
      "fcf": 78000000,
      "ocf": 121000000,
      "capex": -43000000,
      "gross_margin": 0.4911242603550296,
      "op_margin": 0.13165680473372782,
      "fcf_margin": 0.11538461538461539,
      "fcf_margin_change": 0.10232220609579101
    },
    {
      "date": "2023-12-31T00:00:00",
      "quarter_label": "2023-12 (Q4)",
      "revenue": 684000000,
      "gross_profit": 317000000,
      "operating_income": 86000000,
      "net_income": 58000000,
      "opex": 231000000,
      "cogs": 367000000,
      "rd": null,
      "sga": 231000000,
      "fcf": 67000000,
      "ocf": 126000000,
      "capex": -59000000,
      "gross_margin": 0.46345029239766083,
      "op_margin": 0.12573099415204678,
      "fcf_margin": 0.097953216374269,
      "op_leverage_ratio": null,
      "fcf_margin_change": -0.01743139901034639
    },
    {
      "date": "2024-03-31T00:00:00",
      "quarter_label": "2024-03 (Q1)",
      "revenue": 670000000,
      "gross_profit": 319000000,
      "operating_income": 91000000,
      "net_income": 56000000,
      "opex": 228000000,
      "cogs": 351000000,
      "rd": null,
      "sga": 228000000,
      "fcf": 84000000,
      "ocf": 141000000,
      "capex": -57000000,
      "gross_margin": 0.4761194029850746,
      "op_margin": 0.13582089552238805,
      "fcf_margin": 0.1253731343283582,
      "incr_op_margin_yoy": 0.3902439024390244,
      "rev_growth_yoy": 0.06518282988871224,
      "fcf_margin_change": 0.0274199179540892
    },
    {
      "date": "2024-06-30T00:00:00",
      "quarter_label": "2024-06 (Q2)",
      "revenue": 730000000,
      "gross_profit": 366000000,
      "operating_income": 126000000,
      "net_income": 101000000,
      "opex": 240000000,
      "cogs": 364000000,
      "rd": null,
      "sga": 240000000,
      "fcf": 47000000,
      "ocf": 103000000,
      "capex": -56000000,
      "gross_margin": 0.5013698630136987,
      "op_margin": 0.1726027397260274,
      "fcf_margin": 0.06438356164383562,
      "incr_op_margin_yoy": 0.21951219512195122,
      "rev_growth_yoy": 0.059506531204644414,
      "rev_growth_yoy_accel": -0.0056762986840678264,
      "op_leverage_ratio": 1.7014925373134329,
      "fcf_margin_change": -0.06098957268452258
    },
    {
      "date": "2024-09-30T00:00:00",
      "quarter_label": "2024-09 (Q3)",
      "revenue": 731000000,
      "gross_profit": 358000000,
      "operating_income": 130000000,
      "net_income": 88000000,
      "opex": 228000000,
      "cogs": 373000000,
      "rd": null,
      "sga": 228000000,
      "fcf": 84000000,
      "ocf": 150000000,
      "capex": -66000000,
      "gross_margin": 0.4897400820793434,
      "op_margin": 0.17783857729138167,
      "fcf_margin": 0.11491108071135431,
      "incr_op_margin_yoy": 0.7454545454545455,
      "rev_growth_yoy": 0.08136094674556213,
      "rev_growth_yoy_accel": 0.021854415540917715,
      "fcf_margin_change": 0.05052751906751869
    },
    {
      "date": "2024-12-31T00:00:00",
      "quarter_label": "2024-12 (Q4)",
      "revenue": 739000000,
      "gross_profit": 350000000,
      "operating_income": 115000000,
      "net_income": 81000000,
      "opex": 235000000,
      "cogs": 389000000,
      "rd": null,
      "sga": 235000000,
      "fcf": 72000000,
      "ocf": 130000000,
      "capex": -58000000,
      "gross_margin": 0.4736129905277402,
      "op_margin": 0.15561569688768606,
      "fcf_margin": 0.09742895805142084,
      "incr_op_margin_yoy": 0.5272727272727272,
      "rev_growth_yoy": 0.0804093567251462,
      "rev_growth_yoy_accel": -0.000951590020415935,
      "op_leverage_ratio": 0.35645886261481335,
      "fcf_margin_change": -0.01748212265993347
    },
    {
      "date": "2025-03-31T00:00:00",
      "quarter_label": "2025-03 (Q1)",
      "revenue": 705000000,
      "gross_profit": 341000000,
      "operating_income": 109000000,
      "net_income": 67000000,
      "opex": 232000000,
      "cogs": 364000000,
      "rd": null,
      "sga": 232000000,
      "fcf": 103000000,
      "ocf": 154000000,
      "capex": -51000000,
      "gross_margin": 0.4836879432624113,
      "op_margin": 0.15460992907801419,
      "fcf_margin": 0.14609929078014183,
      "incr_op_margin_yoy": 0.5142857142857142,
      "rev_growth_yoy": 0.05223880597014925,
      "rev_growth_yoy_accel": -0.028170550754996942,
      "fcf_margin_change": 0.048670332728721
    },
    {
      "date": "2025-06-30T00:00:00",
      "quarter_label": "2025-06 (Q2)",
      "revenue": 776000000,
      "gross_profit": 383000000,
      "operating_income": 139000000,
      "net_income": 91000000,
      "opex": 244000000,
      "cogs": 393000000,
      "rd": null,
      "sga": 244000000,
      "fcf": 105000000,
      "ocf": 147000000,
      "capex": -42000000,
      "gross_margin": 0.49355670103092786,
      "op_margin": 0.1791237113402062,
      "fcf_margin": 0.13530927835051546,
      "incr_op_margin_yoy": 0.2826086956521739,
      "rev_growth_yoy": 0.06301369863013699,
      "rev_growth_yoy_accel": 0.01077489265998774,
      "op_leverage_ratio": 1.9470449172576834,
      "fcf_margin_change": -0.010790012429626378
    },
    {
      "date": "2025-09-30T00:00:00",
      "quarter_label": "2025-09 (Q3)",
      "revenue": 783000000,
      "gross_profit": 394000000,
      "operating_income": 156000000,
      "net_income": 100000000,
      "opex": 238000000,
      "cogs": 389000000,
      "rd": null,
      "sga": 238000000,
      "fcf": 109000000,
      "ocf": 155000000,
      "capex": -46000000,
      "gross_margin": 0.5031928480204342,
      "op_margin": 0.19923371647509577,
      "fcf_margin": 0.1392081736909323,
      "incr_op_margin_yoy": 0.5,
      "rev_growth_yoy": 0.07113543091655267,
      "rev_growth_yoy_accel": 0.008121732286415675,
      "fcf_margin_change": 0.003898895340416847
    },
    {
      "date": "2025-12-31T00:00:00",
      "quarter_label": "2025-12 (Q4)",
      "revenue": 789000000,
      "gross_profit": 392000000,
      "operating_income": 118000000,
      "net_income": 67000000,
      "opex": 274000000,
      "cogs": 397000000,
      "rd": null,
      "sga": 239000000,
      "fcf": 86000000,
      "ocf": 144000000,
      "capex": -58000000,
      "gross_margin": 0.4968314321926489,
      "op_margin": 0.14955640050697086,
      "fcf_margin": 0.10899873257287707,
      "incr_op_margin_yoy": 0.06,
      "rev_growth_yoy": 0.06765899864682003,
      "rev_growth_yoy_accel": -0.0034764322697326405,
      "fcf_margin_change": -0.030209441118055236
    }
  ],
  "signals": [
    {
      "quarter": "2025-09 (Q3)",
      "signal": "INCREMENTAL MARGIN (YoY)",
      "detail": "YoY Incr OPM: +50.0% vs year-ago OPM: +17.8%",
      "severity": "HIGH"
    },
    {
      "quarter": "2025-06 (Q2)",
      "signal": "OPERATING LEVERAGE",
      "detail": "Rev growth +10.1% vs OpEx growth +5.2% (leverage: 1.9x)",
      "severity": "MEDIUM"
    },
    {
      "quarter": "2025-06 (Q2)",
      "signal": "INCREMENTAL MARGIN (YoY)",
      "detail": "YoY Incr OPM: +28.3% vs year-ago OPM: +17.3%",
      "severity": "MEDIUM"
    },
    {
      "quarter": "2025-03 (Q1)",
      "signal": "INCREMENTAL MARGIN (YoY)",
      "detail": "YoY Incr OPM: +51.4% vs year-ago OPM: +13.6%",
      "severity": "HIGH"
    },
    {
      "quarter": "2024-12 (Q4)",
      "signal": "INCREMENTAL MARGIN (YoY)",
      "detail": "YoY Incr OPM: +52.7% vs year-ago OPM: +12.6%",
      "severity": "HIGH"
    },
    {
      "quarter": "2024-09 (Q3)",
      "signal": "FCF MARGIN EXPANSION",
      "detail": "FCF margin: +6.4% -> +11.5% (+5.1%)",
      "severity": "MEDIUM"
    },
    {
      "quarter": "2024-09 (Q3)",
      "signal": "INCREMENTAL MARGIN (YoY)",
      "detail": "YoY Incr OPM: +74.5% vs year-ago OPM: +13.2%",
      "severity": "HIGH"
    },
    {
      "quarter": "2024-06 (Q2)",
      "signal": "OPERATING LEVERAGE",
      "detail": "Rev growth +9.0% vs OpEx growth +5.3% (leverage: 1.7x)",
      "severity": "MEDIUM"
    },
    {
      "quarter": "2024-03 (Q1)",
      "signal": "INCREMENTAL MARGIN (YoY)",
      "detail": "YoY Incr OPM: +39.0% vs year-ago OPM: +11.9%",
      "severity": "HIGH"
    },
    {
      "quarter": "2023-09 (Q3)",
      "signal": "FCF MARGIN EXPANSION",
      "detail": "FCF margin: +1.3% -> +11.5% (+10.2%)",
      "severity": "MEDIUM"
    },
    {
      "quarter": "2023-06 (Q2)",
      "signal": "OPERATING LEVERAGE",
      "detail": "Rev growth +9.5% vs OpEx growth +0.5% (leverage: 20.9x)",
      "severity": "MEDIUM"
    }
  ],
  "data_quality": {
    "n_quarters": 12,
    "coverage": {
      "revenue": [
        12,
        12
      ],
      "gross_profit": [
        12,
        12
      ],
      "op_income": [
        12,
        12
      ],
      "fcf": [
        12,
        12
      ]
    },
    "gaps": [],
    "warnings": []
  },
  "market_cap": null,
  "source": "SEC EDGAR",
  "last_updated": "2026-02-24T10:24:27.409835"
}