{
  "ticker": "ULTA",
  "name": "ULTA BEAUTY, INC.",
  "quarters": [
    {
      "date": "2021-01-30T00:00:00",
      "quarter_label": "2021-01 (Q1)",
      "revenue": 2198701000,
      "gross_profit": 771028000,
      "operating_income": 224272000,
      "net_income": 171494000,
      "opex": 546756000,
      "cogs": 1427673000,
      "rd": null,
      "sga": 514140000,
      "fcf": 516189000,
      "ocf": 551310000,
      "capex": -35121000,
      "gross_margin": 0.3506743299793833,
      "op_margin": 0.10200204575337893,
      "fcf_margin": 0.23476998464093116
    },
    {
      "date": "2021-05-01T00:00:00",
      "quarter_label": "2021-05 (Q2)",
      "revenue": 1938519000,
      "gross_profit": 753788000,
      "operating_income": 305324000,
      "net_income": 230289000,
      "opex": 448464000,
      "cogs": 1184731000,
      "rd": null,
      "sga": 443875000,
      "fcf": 295504000,
      "ocf": 330067000,
      "capex": -34563000,
      "gross_margin": 0.3888473623420766,
      "op_margin": 0.15750374383743465,
      "fcf_margin": 0.1524380209840605,
      "fcf_margin_change": -0.08233196365687065
    },
    {
      "date": "2021-07-31T00:00:00",
      "quarter_label": "2021-07 (Q3)",
      "revenue": 1967207000,
      "gross_profit": 797963000,
      "operating_income": 332307000,
      "net_income": 250893000,
      "opex": 465656000,
      "cogs": 1169244000,
      "rd": null,
      "sga": 464299000,
      "fcf": 48604000,
      "ocf": 71346000,
      "capex": -22742000,
      "gross_margin": 0.4056324525075399,
      "op_margin": 0.16892325006976897,
      "fcf_margin": 0.024707110131267324,
      "op_leverage_ratio": 0.38603918844004004,
      "fcf_margin_change": -0.12773091085279317
    },
    {
      "date": "2021-10-30T00:00:00",
      "quarter_label": "2021-10 (Q4)",
      "revenue": 1995775000,
      "gross_profit": 789474000,
      "operating_income": 284239000,
      "net_income": 215289000,
      "opex": 505235000,
      "cogs": 1206301000,
      "rd": null,
      "sga": 503403000,
      "fcf": -37669000,
      "ocf": 13444000,
      "capex": -51113000,
      "gross_margin": 0.39557264721724644,
      "op_margin": 0.14242036301687314,
      "fcf_margin": -0.018874372111084666,
      "op_leverage_ratio": 0.17085597148089238,
      "fcf_margin_change": -0.04358148224235199
    },
    {
      "date": "2022-01-29T00:00:00",
      "quarter_label": "2022-01 (Q1)",
      "revenue": 2729388000,
      "gross_profit": 1027329000,
      "operating_income": 375622000,
      "net_income": 289366000,
      "opex": 651707000,
      "cogs": 1702059000,
      "rd": null,
      "sga": 649968000,
      "fcf": 580639000,
      "ocf": 644408000,
      "capex": -63769000,
      "gross_margin": 0.37639536775277094,
      "op_margin": 0.13762132756500725,
      "fcf_margin": 0.2127359686493822,
      "incr_op_margin_yoy": 0.2851963586822364,
      "rev_growth_yoy": 0.24136387803525808,
      "op_leverage_ratio": 1.2679270213357396,
      "fcf_margin_change": 0.23161034076046688
    },
    {
      "date": "2022-04-30T00:00:00",
      "quarter_label": "2022-04 (Q2)",
      "revenue": 2345901000,
      "gross_profit": 941026000,
      "operating_income": 437708000,
      "net_income": 331395000,
      "opex": 503318000,
      "cogs": 1404875000,
      "rd": null,
      "sga": 500970000,
      "fcf": 355227000,
      "ocf": 426303000,
      "capex": -71076000,
      "gross_margin": 0.40113627983448574,
      "op_margin": 0.18658417384194814,
      "fcf_margin": 0.1514245486062711,
      "incr_op_margin_yoy": 0.32496281131714216,
      "rev_growth_yoy": 0.21015115147181945,
      "rev_growth_yoy_accel": -0.031212726563438625,
      "fcf_margin_change": -0.0613114200431111
    },
    {
      "date": "2022-07-30T00:00:00",
      "quarter_label": "2022-07 (Q3)",
      "revenue": 2297113000,
      "gross_profit": 928164000,
      "operating_income": 391428000,
      "net_income": 295677000,
      "opex": 536736000,
      "cogs": 1368949000,
      "rd": null,
      "sga": 534459000,
      "fcf": 64940000,
      "ocf": 114364000,
      "capex": -49424000,
      "gross_margin": 0.40405674426987265,
      "op_margin": 0.17039997596983691,
      "fcf_margin": 0.028270267940671615,
      "incr_op_margin_yoy": 0.17920559189587337,
      "rev_growth_yoy": 0.1677027379426771,
      "rev_growth_yoy_accel": -0.04244841352914236,
      "fcf_margin_change": -0.1231542806655995
    },
    {
      "date": "2022-10-29T00:00:00",
      "quarter_label": "2022-10 (Q4)",
      "revenue": 2338793000,
      "gross_profit": 962817000,
      "operating_income": 361856000,
      "net_income": 274585000,
      "opex": 600961000,
      "cogs": 1375976000,
      "rd": null,
      "sga": 597164000,
      "fcf": -50702000,
      "ocf": 32759000,
      "capex": -83461000,
      "gross_margin": 0.41167260206439815,
      "op_margin": 0.15471912221389408,
      "fcf_margin": -0.021678703502191088,
      "incr_op_margin_yoy": 0.2262767551557061,
      "rev_growth_yoy": 0.171872079768511,
      "rev_growth_yoy_accel": 0.004169341825833894,
      "op_leverage_ratio": 0.15163587548066157,
      "fcf_margin_change": -0.0499489714428627
    },
    {
      "date": "2023-01-28T00:00:00",
      "quarter_label": "2023-01 (Q1)",
      "revenue": 3226773000,
      "gross_profit": 1212503000,
      "operating_income": 447618000,
      "net_income": 340751000,
      "opex": 764885000,
      "cogs": 2014270000,
      "rd": null,
      "sga": 762706000,
      "fcf": 800324000,
      "ocf": 908489000,
      "capex": -108165000,
      "gross_margin": 0.37576334003042666,
      "op_margin": 0.13872001532180914,
      "fcf_margin": 0.2480261239324861,
      "incr_op_margin_yoy": 0.1447490374659469,
      "rev_growth_yoy": 0.18223315996113415,
      "rev_growth_yoy_accel": 0.010361080192623162,
      "op_leverage_ratio": 1.3919227876189615,
      "fcf_margin_change": 0.26970482743467716
    },
    {
      "date": "2023-04-29T00:00:00",
      "quarter_label": "2023-04 (Q2)",
      "revenue": 2634263000,
      "gross_profit": 1054857000,
      "operating_income": 442070000,
      "net_income": 347051000,
      "opex": 612787000,
      "cogs": 1579406000,
      "rd": null,
      "sga": 612129000,
      "fcf": 195135000,
      "ocf": 304901000,
      "capex": -109766000,
      "gross_margin": 0.40043723804343,
      "op_margin": 0.167815438321838,
      "fcf_margin": 0.07407574718241876,
      "incr_op_margin_yoy": 0.01512681976127229,
      "rev_growth_yoy": 0.12292164076830181,
      "rev_growth_yoy_accel": -0.05931151919283234,
      "fcf_margin_change": -0.17395037675006736
    },
    {
      "date": "2023-07-29T00:00:00",
      "quarter_label": "2023-07 (Q3)",
      "revenue": 2529809000,
      "gross_profit": 993612000,
      "operating_income": 391642000,
      "net_income": 300102000,
      "opex": 601970000,
      "cogs": 1536197000,
      "rd": null,
      "sga": 600692000,
      "fcf": 28925000,
      "ocf": 123907000,
      "capex": -94982000,
      "gross_margin": 0.39276166698750775,
      "op_margin": 0.15481089679102256,
      "fcf_margin": 0.011433669498369244,
      "incr_op_margin_yoy": 0.0009196548286175954,
      "rev_growth_yoy": 0.10129932658950605,
      "rev_growth_yoy_accel": -0.02162231417879576,
      "fcf_margin_change": -0.06264207768404952
    },
    {
      "date": "2023-10-28T00:00:00",
      "quarter_label": "2023-10 (Q4)",
      "revenue": 2488933000,
      "gross_profit": 992067000,
      "operating_income": 327227000,
      "net_income": 249483000,
      "opex": 664840000,
      "cogs": 1496866000,
      "rd": null,
      "sga": 661380000,
      "fcf": -177079000,
      "ocf": -70797000,
      "capex": -106282000,
      "gross_margin": 0.3985912838955488,
      "op_margin": 0.1314728038078968,
      "fcf_margin": -0.07114655155442111,
      "incr_op_margin_yoy": -0.23064473158385507,
      "rev_growth_yoy": 0.06419550597252514,
      "rev_growth_yoy_accel": -0.037103820616980906,
      "fcf_margin_change": -0.08258022105279035
    },
    {
      "date": "2024-02-03T00:00:00",
      "quarter_label": "2024-02 (Q1)",
      "revenue": 3554298000,
      "gross_profit": 1340564000,
      "operating_income": 517090000,
      "net_income": 394369000,
      "opex": 823474000,
      "cogs": 2213734000,
      "rd": null,
      "sga": 820360000,
      "fcf": 994018000,
      "ocf": 1118255000,
      "capex": -124237000,
      "gross_margin": 0.37716702426189364,
      "op_margin": 0.14548301802493768,
      "fcf_margin": 0.27966647703709707,
      "incr_op_margin_yoy": 0.21211205251507517,
      "rev_growth_yoy": 0.1015023368548082,
      "rev_growth_yoy_accel": 0.03730683088228305,
      "op_leverage_ratio": 1.7939324453684669,
      "fcf_margin_change": 0.3508130285915182
    },
    {
      "date": "2024-05-04T00:00:00",
      "quarter_label": "2024-05 (Q2)",
      "revenue": 2725848000,
      "gross_profit": 1069780000,
      "operating_income": 400948000,
      "net_income": 313113000,
      "opex": 668832000,
      "cogs": 1656068000,
      "rd": null,
      "sga": 665913000,
      "fcf": 68316000,
      "ocf": 159340000,
      "capex": -91024000,
      "gross_margin": 0.3924576865621267,
      "op_margin": 0.14709110706099532,
      "fcf_margin": 0.025062292541623746,
      "incr_op_margin_yoy": -0.4490036578042256,
      "rev_growth_yoy": 0.034766839909302905,
      "rev_growth_yoy_accel": -0.06673549694550529,
      "fcf_margin_change": -0.25460418449547334
    },
    {
      "date": "2024-08-03T00:00:00",
      "quarter_label": "2024-08 (Q3)",
      "revenue": 2552087000,
      "gross_profit": 978177000,
      "operating_income": 329201000,
      "net_income": 252556000,
      "opex": 648976000,
      "cogs": 1573910000,
      "rd": null,
      "sga": 644821000,
      "fcf": 104262000,
      "ocf": 199539000,
      "capex": -95277000,
      "gross_margin": 0.3832851309536078,
      "op_margin": 0.12899285956944256,
      "fcf_margin": 0.040853622936835615,
      "incr_op_margin_yoy": -2.8028099470329475,
      "rev_growth_yoy": 0.008806198412607434,
      "rev_growth_yoy_accel": -0.02596064149669547,
      "fcf_margin_change": 0.01579133039521187
    },
    {
      "date": "2024-11-02T00:00:00",
      "quarter_label": "2024-11 (Q4)",
      "revenue": 2530100000,
      "gross_profit": 1005644000,
      "operating_income": 318502000,
      "net_income": 242179000,
      "opex": 687142000,
      "cogs": 1524456000,
      "rd": null,
      "sga": 682259000,
      "fcf": -171073000,
      "ocf": -56838000,
      "capex": -114235000,
      "gross_margin": 0.39747203667839215,
      "op_margin": 0.12588514287972807,
      "fcf_margin": -0.06761511402711355,
      "incr_op_margin_yoy": -0.21194160371171084,
      "rev_growth_yoy": 0.016540019357692635,
      "rev_growth_yoy_accel": 0.007733820945085202,
      "fcf_margin_change": -0.10846873696394917
    },
    {
      "date": "2025-02-01T00:00:00",
      "quarter_label": "2025-02 (Q1)",
      "revenue": 3487619000,
      "gross_profit": 1333652000,
      "operating_income": 516321000,
      "net_income": 393270000,
      "opex": 817331000,
      "cogs": 2153967000,
      "rd": null,
      "sga": 815599000,
      "fcf": 962642000,
      "ocf": 1036564000,
      "capex": -73922000,
      "gross_margin": 0.3823961275586582,
      "op_margin": 0.14804398072151803,
      "fcf_margin": 0.27601696171514145,
      "incr_op_margin_yoy": 0.011532866419712353,
      "rev_growth_yoy": -0.018760103964270865,
      "rev_growth_yoy_accel": -0.0353001233219635,
      "op_leverage_ratio": 1.9974775976711017,
      "fcf_margin_change": 0.343632075742255
    },
    {
      "date": "2025-05-03T00:00:00",
      "quarter_label": "2025-05 (Q2)",
      "revenue": 2848367000,
      "gross_profit": 1114219000,
      "operating_income": 401777000,
      "net_income": 305052000,
      "opex": 712442000,
      "cogs": 1734148000,
      "rd": null,
      "sga": 710613000,
      "fcf": 140990000,
      "ocf": 220021000,
      "capex": -79031000,
      "gross_margin": 0.39117817331825566,
      "op_margin": 0.14105520812451486,
      "fcf_margin": 0.04949853723203506,
      "incr_op_margin_yoy": 0.006766297472228797,
      "rev_growth_yoy": 0.0449471137055331,
      "rev_growth_yoy_accel": 0.06370721766980397,
      "fcf_margin_change": -0.22651842448310638
    },
    {
      "date": "2025-08-02T00:00:00",
      "quarter_label": "2025-08 (Q3)",
      "revenue": 2788469000,
      "gross_profit": 1091696000,
      "operating_income": 344854000,
      "net_income": 260875000,
      "opex": 746842000,
      "cogs": 1696773000,
      "rd": null,
      "sga": 741737000,
      "fcf": 19565000,
      "ocf": 96522000,
      "capex": -76957000,
      "gross_margin": 0.39150372480382606,
      "op_margin": 0.12367144838260709,
      "fcf_margin": 0.007016395018198158,
      "incr_op_margin_yoy": 0.06621908605562184,
      "rev_growth_yoy": 0.09262301794570484,
      "rev_growth_yoy_accel": 0.047675904240171735,
      "fcf_margin_change": -0.0424821422138369
    },
    {
      "date": "2025-11-01T00:00:00",
      "quarter_label": "2025-11 (Q4)",
      "revenue": 2857623000,
      "gross_profit": 1155665000,
      "operating_income": 309419000,
      "net_income": 230875000,
      "opex": 846246000,
      "cogs": 1701958000,
      "rd": null,
      "sga": 840920000,
      "fcf": -81633000,
      "ocf": 5641000,
      "capex": -87274000,
      "gross_margin": 0.40441478809486064,
      "op_margin": 0.10827845380583793,
      "fcf_margin": -0.028566749357770427,
      "incr_op_margin_yoy": -0.02773240352585925,
      "rev_growth_yoy": 0.12945061460021343,
      "rev_growth_yoy_accel": 0.03682759665450859,
      "op_leverage_ratio": 0.18632724280343824,
      "fcf_margin_change": -0.03558314437596859
    }
  ],
  "signals": [
    {
      "quarter": "2025-05 (Q2)",
      "signal": "YoY REVENUE GROWTH ACCELERATION",
      "detail": "YoY growth: +4.5% vs prior quarter YoY: -1.9% (accel: +6.4%)",
      "severity": "MEDIUM"
    },
    {
      "quarter": "2025-02 (Q1)",
      "signal": "FCF TURNED POSITIVE",
      "detail": "FCF margin: -6.8% -> +27.6%",
      "severity": "HIGH"
    },
    {
      "quarter": "2025-02 (Q1)",
      "signal": "OPERATING LEVERAGE",
      "detail": "Rev growth +37.8% vs OpEx growth +18.9% (leverage: 2.0x)",
      "severity": "MEDIUM"
    },
    {
      "quarter": "2024-05 (Q2)",
      "signal": "YoY REVENUE GROWTH DECELERATION",
      "detail": "YoY growth: +3.5% vs prior quarter YoY: +10.2% (decel: -6.7%)",
      "severity": "WARNING"
    },
    {
      "quarter": "2024-02 (Q1)",
      "signal": "FCF TURNED POSITIVE",
      "detail": "FCF margin: -7.1% -> +28.0%",
      "severity": "HIGH"
    },
    {
      "quarter": "2024-02 (Q1)",
      "signal": "OPERATING LEVERAGE",
      "detail": "Rev growth +42.8% vs OpEx growth +23.9% (leverage: 1.8x)",
      "severity": "MEDIUM"
    },
    {
      "quarter": "2023-04 (Q2)",
      "signal": "GROSS MARGIN INFLECTION",
      "detail": "GM: +41.2% -> +37.6% -> +40.0% (reversal +2.5%)",
      "severity": "MEDIUM"
    },
    {
      "quarter": "2023-04 (Q2)",
      "signal": "YoY REVENUE GROWTH DECELERATION",
      "detail": "YoY growth: +12.3% vs prior quarter YoY: +18.2% (decel: -5.9%)",
      "severity": "WARNING"
    },
    {
      "quarter": "2023-01 (Q1)",
      "signal": "FCF TURNED POSITIVE",
      "detail": "FCF margin: -2.2% -> +24.8%",
      "severity": "HIGH"
    },
    {
      "quarter": "2022-04 (Q2)",
      "signal": "GROSS MARGIN INFLECTION",
      "detail": "GM: +39.6% -> +37.6% -> +40.1% (reversal +2.5%)",
      "severity": "MEDIUM"
    },
    {
      "quarter": "2022-04 (Q2)",
      "signal": "INCREMENTAL MARGIN (YoY)",
      "detail": "YoY Incr OPM: +32.5% vs year-ago OPM: +15.8%",
      "severity": "MEDIUM"
    },
    {
      "quarter": "2022-01 (Q1)",
      "signal": "FCF TURNED POSITIVE",
      "detail": "FCF margin: -1.9% -> +21.3%",
      "severity": "HIGH"
    },
    {
      "quarter": "2022-01 (Q1)",
      "signal": "INCREMENTAL MARGIN (YoY)",
      "detail": "YoY Incr OPM: +28.5% vs year-ago OPM: +10.2%",
      "severity": "MEDIUM"
    }
  ],
  "data_quality": {
    "n_quarters": 20,
    "coverage": {
      "revenue": [
        20,
        20
      ],
      "gross_profit": [
        20,
        20
      ],
      "op_income": [
        20,
        20
      ],
      "fcf": [
        20,
        20
      ]
    },
    "gaps": [],
    "warnings": []
  },
  "market_cap": null,
  "source": "SEC EDGAR",
  "last_updated": "2026-02-02T20:09:34.431781"
}