{
  "ticker": "ULY",
  "name": "URGENT.LY INC.",
  "quarters": [
    {
      "date": "2022-06-30T00:00:00",
      "quarter_label": "2022-06 (Q2)",
      "revenue": 43334000,
      "gross_profit": 3255000,
      "operating_income": -15796000,
      "net_income": -18513000,
      "opex": 19051000,
      "cogs": 40079000,
      "rd": 4427000,
      "sga": null,
      "fcf": null,
      "ocf": null,
      "capex": null,
      "gross_margin": 0.07511422901186135,
      "op_margin": -0.364517468962016,
      "fcf_margin": null
    },
    {
      "date": "2022-09-30T00:00:00",
      "quarter_label": "2022-09 (Q3)",
      "revenue": 52134000,
      "gross_profit": 6056000,
      "operating_income": -13132000,
      "net_income": -23057000,
      "opex": 19188000,
      "cogs": 46078000,
      "rd": 4552000,
      "sga": null,
      "fcf": -26902000,
      "ocf": -26902000,
      "capex": null,
      "gross_margin": 0.11616219741435531,
      "op_margin": -0.25188936202861856,
      "fcf_margin": -0.5160164192273756,
      "op_leverage_ratio": 28.23911636620526
    },
    {
      "date": "2022-12-31T00:00:00",
      "quarter_label": "2022-12 (Q4)",
      "revenue": 51966000,
      "gross_profit": 8394000,
      "operating_income": -8425000,
      "net_income": -33217000,
      "opex": 16819000,
      "cogs": 43572000,
      "rd": 3782000,
      "sga": null,
      "fcf": -2719000,
      "ocf": -2719000,
      "capex": null,
      "gross_margin": 0.16152869183697033,
      "op_margin": -0.16212523573105492,
      "fcf_margin": -0.0523226725166455,
      "fcf_margin_change": 0.4636937467107301
    },
    {
      "date": "2023-03-31T00:00:00",
      "quarter_label": "2023-03 (Q1)",
      "revenue": 49578000,
      "gross_profit": 9259000,
      "operating_income": -10308000,
      "net_income": -17748000,
      "opex": 19567000,
      "cogs": 40319000,
      "rd": 3742000,
      "sga": null,
      "fcf": -1016000,
      "ocf": -1016000,
      "capex": null,
      "gross_margin": 0.18675622251805235,
      "op_margin": -0.2079148009197628,
      "fcf_margin": -0.020492960587357296,
      "fcf_margin_change": 0.0318297119292882
    },
    {
      "date": "2023-06-30T00:00:00",
      "quarter_label": "2023-06 (Q2)",
      "revenue": 43977000,
      "gross_profit": 9260000,
      "operating_income": -6148000,
      "net_income": -6420000,
      "opex": 15408000,
      "cogs": 34717000,
      "rd": 3668000,
      "sga": null,
      "fcf": -7738000,
      "ocf": -7738000,
      "capex": null,
      "gross_margin": 0.2105646133205994,
      "op_margin": -0.13980035018305023,
      "fcf_margin": -0.1759556131614253,
      "rev_growth_yoy": 0.014838233257949878,
      "fcf_margin_change": -0.155462652574068
    },
    {
      "date": "2023-09-30T00:00:00",
      "quarter_label": "2023-09 (Q3)",
      "revenue": 46047000,
      "gross_profit": 9178000,
      "operating_income": -5848000,
      "net_income": -28852000,
      "opex": 15026000,
      "cogs": 36869000,
      "rd": 3667000,
      "sga": null,
      "fcf": -3243000,
      "ocf": -3243000,
      "capex": null,
      "gross_margin": 0.19931808804048037,
      "op_margin": -0.12700067322518296,
      "fcf_margin": -0.07042804091471758,
      "incr_op_margin_yoy": -1.196648595367176,
      "rev_growth_yoy": -0.11675681896650938,
      "rev_growth_yoy_accel": -0.13159505222445927,
      "op_leverage_ratio": Infinity,
      "fcf_margin_change": 0.10552757224670772
    },
    {
      "date": "2023-12-31T00:00:00",
      "quarter_label": "2023-12 (Q4)",
      "revenue": 45051000,
      "gross_profit": 10184000,
      "operating_income": -23800000,
      "net_income": 127749000,
      "opex": 33984000,
      "cogs": 34867000,
      "rd": 5830000,
      "sga": null,
      "fcf": -53148000,
      "ocf": -53148000,
      "capex": null,
      "gross_margin": 0.2260549155401656,
      "op_margin": -0.5282901600408426,
      "fcf_margin": -1.1797296397416261,
      "incr_op_margin_yoy": 2.2234273318872018,
      "rev_growth_yoy": -0.13306777508370857,
      "rev_growth_yoy_accel": -0.016310956117199182,
      "fcf_margin_change": -1.1093015988269086
    },
    {
      "date": "2024-03-31T00:00:00",
      "quarter_label": "2024-03 (Q1)",
      "revenue": 40092000,
      "gross_profit": 9351000,
      "operating_income": -8348000,
      "net_income": -13015000,
      "opex": 17699000,
      "cogs": 30741000,
      "rd": 4243000,
      "sga": null,
      "fcf": -9712000,
      "ocf": -9712000,
      "capex": null,
      "gross_margin": 0.23323855133193655,
      "op_margin": -0.208221091489574,
      "fcf_margin": -0.24224284146463135,
      "incr_op_margin_yoy": -0.2066202825216108,
      "rev_growth_yoy": -0.19133486627133003,
      "rev_growth_yoy_accel": -0.05826709118762147,
      "fcf_margin_change": 0.9374867982769948
    },
    {
      "date": "2024-06-30T00:00:00",
      "quarter_label": "2024-06 (Q2)",
      "revenue": 34537000,
      "gross_profit": 7330000,
      "operating_income": -8340000,
      "net_income": -11667000,
      "opex": 15670000,
      "cogs": 27207000,
      "rd": 3797000,
      "sga": null,
      "fcf": -10408000,
      "ocf": -10408000,
      "capex": null,
      "gross_margin": 0.21223615253206707,
      "op_margin": -0.24148015172134232,
      "fcf_margin": -0.3013579639227495,
      "incr_op_margin_yoy": 0.23220338983050848,
      "rev_growth_yoy": -0.21465766195966074,
      "rev_growth_yoy_accel": -0.023322795688330705,
      "fcf_margin_change": -0.05911512245811815
    },
    {
      "date": "2024-09-30T00:00:00",
      "quarter_label": "2024-09 (Q3)",
      "revenue": 36246000,
      "gross_profit": 7765000,
      "operating_income": -5891000,
      "net_income": -10613000,
      "opex": 13656000,
      "cogs": 28481000,
      "rd": 3069000,
      "sga": null,
      "fcf": -8727000,
      "ocf": -8727000,
      "capex": null,
      "gross_margin": 0.21423053578325885,
      "op_margin": -0.1625282789825084,
      "fcf_margin": -0.2407713954643271,
      "incr_op_margin_yoy": 0.004387307417610448,
      "rev_growth_yoy": -0.21284774252394292,
      "rev_growth_yoy_accel": 0.001809919435717816,
      "op_leverage_ratio": Infinity,
      "fcf_margin_change": 0.06058656845842239
    },
    {
      "date": "2024-12-31T00:00:00",
      "quarter_label": "2024-12 (Q4)",
      "revenue": 32030000,
      "gross_profit": 7113000,
      "operating_income": -4615000,
      "net_income": -8732000,
      "opex": 11728000,
      "cogs": 24917000,
      "rd": 2823000,
      "sga": null,
      "fcf": -1939000,
      "ocf": -1939000,
      "capex": null,
      "gross_margin": 0.22207305650952233,
      "op_margin": -0.14408367155791446,
      "fcf_margin": -0.06053699656571964,
      "incr_op_margin_yoy": -1.473389140619,
      "rev_growth_yoy": -0.28902799049965594,
      "rev_growth_yoy_accel": -0.07618024797571302,
      "fcf_margin_change": 0.18023439889860746
    },
    {
      "date": "2025-03-31T00:00:00",
      "quarter_label": "2025-03 (Q1)",
      "revenue": 31272000,
      "gross_profit": 7989000,
      "operating_income": -2447000,
      "net_income": -5484000,
      "opex": 10436000,
      "cogs": 23283000,
      "rd": 1968000,
      "sga": null,
      "fcf": -5166000,
      "ocf": -5166000,
      "capex": null,
      "gross_margin": 0.25546815042210286,
      "op_margin": -0.07824891276541315,
      "fcf_margin": -0.16519570222563315,
      "incr_op_margin_yoy": -0.669047619047619,
      "rev_growth_yoy": -0.21999401376833283,
      "rev_growth_yoy_accel": 0.06903397673132311,
      "fcf_margin_change": -0.1046587056599135
    },
    {
      "date": "2025-06-30T00:00:00",
      "quarter_label": "2025-06 (Q2)",
      "revenue": 31687000,
      "gross_profit": 7933000,
      "operating_income": -2153000,
      "net_income": -5612000,
      "opex": 10086000,
      "cogs": 23754000,
      "rd": 1682000,
      "sga": null,
      "fcf": 2975000,
      "ocf": 2975000,
      "capex": null,
      "gross_margin": 0.25035503518793195,
      "op_margin": -0.06794584529933412,
      "fcf_margin": 0.09388708303089595,
      "incr_op_margin_yoy": -2.170877192982456,
      "rev_growth_yoy": -0.08252019573211339,
      "rev_growth_yoy_accel": 0.13747381803621944,
      "op_leverage_ratio": Infinity,
      "fcf_margin_change": 0.2590827852565291
    },
    {
      "date": "2025-09-30T00:00:00",
      "quarter_label": "2025-09 (Q3)",
      "revenue": 32943000,
      "gross_profit": 8111000,
      "operating_income": -1769000,
      "net_income": -5179000,
      "opex": 9880000,
      "cogs": 24832000,
      "rd": 1786000,
      "sga": null,
      "fcf": -3402000,
      "ocf": -3402000,
      "capex": null,
      "gross_margin": 0.24621315605743255,
      "op_margin": -0.0536988131014176,
      "fcf_margin": -0.10326928330753118,
      "incr_op_margin_yoy": -1.2479564032697548,
      "rev_growth_yoy": -0.09112729680516471,
      "rev_growth_yoy_accel": -0.008607101073051321,
      "op_leverage_ratio": Infinity,
      "fcf_margin_change": -0.19715636633842715
    }
  ],
  "signals": [
    {
      "quarter": "2025-06 (Q2)",
      "signal": "FCF TURNED POSITIVE",
      "detail": "FCF margin: -16.5% -> +9.4%",
      "severity": "HIGH"
    },
    {
      "quarter": "2025-06 (Q2)",
      "signal": "YoY REVENUE GROWTH ACCELERATION",
      "detail": "YoY growth: -8.3% vs prior quarter YoY: -22.0% (accel: +13.7%)",
      "severity": "MEDIUM"
    },
    {
      "quarter": "2025-03 (Q1)",
      "signal": "YoY REVENUE GROWTH ACCELERATION",
      "detail": "YoY growth: -22.0% vs prior quarter YoY: -28.9% (accel: +6.9%)",
      "severity": "MEDIUM"
    },
    {
      "quarter": "2024-12 (Q4)",
      "signal": "FCF MARGIN EXPANSION",
      "detail": "FCF margin: -24.1% -> -6.1% (+18.0%)",
      "severity": "MEDIUM"
    },
    {
      "quarter": "2024-12 (Q4)",
      "signal": "YoY REVENUE GROWTH DECELERATION",
      "detail": "YoY growth: -28.9% vs prior quarter YoY: -21.3% (decel: -7.6%)",
      "severity": "WARNING"
    },
    {
      "quarter": "2024-09 (Q3)",
      "signal": "FCF MARGIN EXPANSION",
      "detail": "FCF margin: -30.1% -> -24.1% (+6.1%)",
      "severity": "MEDIUM"
    },
    {
      "quarter": "2024-03 (Q1)",
      "signal": "FCF MARGIN EXPANSION",
      "detail": "FCF margin: -118.0% -> -24.2% (+93.7%)",
      "severity": "MEDIUM"
    },
    {
      "quarter": "2024-03 (Q1)",
      "signal": "YoY REVENUE GROWTH DECELERATION",
      "detail": "YoY growth: -19.1% vs prior quarter YoY: -13.3% (decel: -5.8%)",
      "severity": "WARNING"
    },
    {
      "quarter": "2023-12 (Q4)",
      "signal": "GROSS MARGIN INFLECTION",
      "detail": "GM: +21.1% -> +19.9% -> +22.6% (reversal +2.7%)",
      "severity": "MEDIUM"
    },
    {
      "quarter": "2023-09 (Q3)",
      "signal": "FCF MARGIN EXPANSION",
      "detail": "FCF margin: -17.6% -> -7.0% (+10.6%)",
      "severity": "MEDIUM"
    },
    {
      "quarter": "2023-09 (Q3)",
      "signal": "YoY REVENUE GROWTH DECELERATION",
      "detail": "YoY growth: -11.7% vs prior quarter YoY: +1.5% (decel: -13.2%)",
      "severity": "WARNING"
    },
    {
      "quarter": "2022-12 (Q4)",
      "signal": "FCF MARGIN EXPANSION",
      "detail": "FCF margin: -51.6% -> -5.2% (+46.4%)",
      "severity": "MEDIUM"
    },
    {
      "quarter": "2022-09 (Q3)",
      "signal": "OPERATING LEVERAGE",
      "detail": "Rev growth +20.3% vs OpEx growth +0.7% (leverage: 28.2x)",
      "severity": "MEDIUM"
    }
  ],
  "data_quality": {
    "n_quarters": 14,
    "coverage": {
      "revenue": [
        14,
        14
      ],
      "gross_profit": [
        14,
        14
      ],
      "op_income": [
        14,
        14
      ],
      "fcf": [
        13,
        14
      ]
    },
    "gaps": [],
    "warnings": []
  },
  "market_cap": null,
  "source": "SEC EDGAR",
  "last_updated": "2026-02-03T00:21:34.753144"
}