{
  "ticker": "UMH",
  "name": "UMH Properties, Inc.",
  "quarters": [
    {
      "date": "2020-12-31T00:00:00",
      "quarter_label": "2020-12 (Q4)",
      "revenue": 42829000,
      "gross_profit": 39125000,
      "operating_income": null,
      "net_income": 23245000,
      "opex": 34382000,
      "cogs": 3704000,
      "rd": null,
      "sga": null,
      "fcf": 16498000,
      "ocf": 16498000,
      "capex": null,
      "gross_margin": 0.9135165425295945,
      "op_margin": null,
      "fcf_margin": 0.3852062854607859
    },
    {
      "date": "2021-03-31T00:00:00",
      "quarter_label": "2021-03 (Q1)",
      "revenue": 43132000,
      "gross_profit": null,
      "operating_income": null,
      "net_income": 13878000,
      "opex": 36188000,
      "cogs": null,
      "rd": null,
      "sga": null,
      "fcf": 13215000,
      "ocf": 13215000,
      "capex": null,
      "gross_margin": null,
      "op_margin": null,
      "fcf_margin": 0.30638505054252063,
      "fcf_margin_change": -0.07882123491826526
    },
    {
      "date": "2021-06-30T00:00:00",
      "quarter_label": "2021-06 (Q2)",
      "revenue": 48959000,
      "gross_profit": null,
      "operating_income": null,
      "net_income": 16003000,
      "opex": 39947000,
      "cogs": null,
      "rd": null,
      "sga": null,
      "fcf": 19988000,
      "ocf": 19988000,
      "capex": null,
      "gross_margin": null,
      "op_margin": null,
      "fcf_margin": 0.40825997263015995,
      "op_leverage_ratio": 1.3005818154886337,
      "fcf_margin_change": 0.10187492208763932
    },
    {
      "date": "2021-09-30T00:00:00",
      "quarter_label": "2021-09 (Q3)",
      "revenue": 48030000,
      "gross_profit": null,
      "operating_income": null,
      "net_income": 4197000,
      "opex": 38528000,
      "cogs": null,
      "rd": null,
      "sga": null,
      "fcf": 13047000,
      "ocf": 13047000,
      "capex": null,
      "gross_margin": null,
      "op_margin": null,
      "fcf_margin": 0.2716427232979388,
      "fcf_margin_change": -0.13661724933222114
    },
    {
      "date": "2021-12-31T00:00:00",
      "quarter_label": "2021-12 (Q4)",
      "revenue": 45978000,
      "gross_profit": null,
      "operating_income": null,
      "net_income": 17010000,
      "opex": 37500000,
      "cogs": null,
      "rd": null,
      "sga": null,
      "fcf": 18937000,
      "ocf": 18937000,
      "capex": null,
      "gross_margin": null,
      "op_margin": null,
      "fcf_margin": 0.41187089477576233,
      "rev_growth_yoy": 0.07352494804921898,
      "fcf_margin_change": 0.14022817147782352
    },
    {
      "date": "2022-03-31T00:00:00",
      "quarter_label": "2022-03 (Q1)",
      "revenue": 45868000,
      "gross_profit": null,
      "operating_income": null,
      "net_income": 3275000,
      "opex": 37824000,
      "cogs": null,
      "rd": null,
      "sga": null,
      "fcf": 5608000,
      "ocf": 5608000,
      "capex": null,
      "gross_margin": null,
      "op_margin": null,
      "fcf_margin": 0.12226388767768379,
      "rev_growth_yoy": 0.06343318186033571,
      "rev_growth_yoy_accel": -0.010091766188883272,
      "fcf_margin_change": -0.2896070070980785
    },
    {
      "date": "2022-06-30T00:00:00",
      "quarter_label": "2022-06 (Q2)",
      "revenue": 49223000,
      "gross_profit": null,
      "operating_income": null,
      "net_income": -6688000,
      "opex": 41258000,
      "cogs": null,
      "rd": null,
      "sga": null,
      "fcf": -193000,
      "ocf": -193000,
      "capex": null,
      "gross_margin": null,
      "op_margin": null,
      "fcf_margin": -0.003920931271966357,
      "rev_growth_yoy": 0.0053922669989174615,
      "rev_growth_yoy_accel": -0.05804091486141825,
      "op_leverage_ratio": 0.8056564432265407,
      "fcf_margin_change": -0.12618481894965014
    },
    {
      "date": "2022-09-30T00:00:00",
      "quarter_label": "2022-09 (Q3)",
      "revenue": 51937000,
      "gross_profit": null,
      "operating_income": null,
      "net_income": -9745000,
      "opex": 44588000,
      "cogs": null,
      "rd": null,
      "sga": null,
      "fcf": -332000,
      "ocf": -332000,
      "capex": null,
      "gross_margin": null,
      "op_margin": null,
      "fcf_margin": -0.006392359974584593,
      "rev_growth_yoy": 0.08134499271288778,
      "rev_growth_yoy_accel": 0.07595272571397033,
      "op_leverage_ratio": 0.6831336872902807,
      "fcf_margin_change": -0.0024714287026182356
    },
    {
      "date": "2022-12-31T00:00:00",
      "quarter_label": "2022-12 (Q4)",
      "revenue": 48748000,
      "gross_profit": null,
      "operating_income": null,
      "net_income": null,
      "opex": 42582000,
      "cogs": null,
      "rd": null,
      "sga": null,
      "fcf": -12310000,
      "ocf": -12310000,
      "capex": null,
      "gross_margin": null,
      "op_margin": null,
      "fcf_margin": -0.25252318043817185,
      "rev_growth_yoy": 0.060246204706598805,
      "rev_growth_yoy_accel": -0.021098788006288977,
      "fcf_margin_change": -0.24613082046358725
    },
    {
      "date": "2023-03-31T00:00:00",
      "quarter_label": "2023-03 (Q1)",
      "revenue": 52607000,
      "gross_profit": null,
      "operating_income": null,
      "net_income": null,
      "opex": 45240000,
      "cogs": null,
      "rd": null,
      "sga": null,
      "fcf": 13289000,
      "ocf": 13289000,
      "capex": null,
      "gross_margin": null,
      "op_margin": null,
      "fcf_margin": 0.2526089683882373,
      "rev_growth_yoy": 0.1469216011162466,
      "rev_growth_yoy_accel": 0.0866753964096478,
      "op_leverage_ratio": 1.2682038144853682,
      "fcf_margin_change": 0.5051321488264091
    },
    {
      "date": "2023-06-30T00:00:00",
      "quarter_label": "2023-06 (Q2)",
      "revenue": 55290000,
      "gross_profit": null,
      "operating_income": null,
      "net_income": null,
      "opex": 46371000,
      "cogs": null,
      "rd": null,
      "sga": null,
      "fcf": 39713000,
      "ocf": 39713000,
      "capex": null,
      "gross_margin": null,
      "op_margin": null,
      "fcf_margin": 0.7182673177789836,
      "rev_growth_yoy": 0.1232553887410357,
      "rev_growth_yoy_accel": -0.02366621237521091,
      "op_leverage_ratio": 2.0400326952686902,
      "fcf_margin_change": 0.46565834939074624
    },
    {
      "date": "2023-09-30T00:00:00",
      "quarter_label": "2023-09 (Q3)",
      "revenue": 56044000,
      "gross_profit": null,
      "operating_income": null,
      "net_income": null,
      "opex": 46437000,
      "cogs": null,
      "rd": null,
      "sga": null,
      "fcf": 38112000,
      "ocf": 38112000,
      "capex": null,
      "gross_margin": null,
      "op_margin": null,
      "fcf_margin": 0.6800371136963814,
      "rev_growth_yoy": 0.07907657354102085,
      "rev_growth_yoy_accel": -0.04417881520001485,
      "op_leverage_ratio": 9.581362732040974,
      "fcf_margin_change": -0.03823020408260214
    },
    {
      "date": "2023-12-31T00:00:00",
      "quarter_label": "2023-12 (Q4)",
      "revenue": 56984000,
      "gross_profit": null,
      "operating_income": null,
      "net_income": null,
      "opex": 46755000,
      "cogs": null,
      "rd": null,
      "sga": null,
      "fcf": 28963000,
      "ocf": 28963000,
      "capex": null,
      "gross_margin": null,
      "op_margin": null,
      "fcf_margin": 0.5082654780289204,
      "rev_growth_yoy": 0.16895052104701733,
      "rev_growth_yoy_accel": 0.08987394750599648,
      "op_leverage_ratio": 2.4492649306542167,
      "fcf_margin_change": -0.171771635667461
    },
    {
      "date": "2024-03-31T00:00:00",
      "quarter_label": "2024-03 (Q1)",
      "revenue": 57680000,
      "gross_profit": null,
      "operating_income": null,
      "net_income": null,
      "opex": 48408000,
      "cogs": null,
      "rd": null,
      "sga": null,
      "fcf": 19048000,
      "ocf": 19048000,
      "capex": null,
      "gross_margin": null,
      "op_margin": null,
      "fcf_margin": 0.3302357836338419,
      "rev_growth_yoy": 0.0964320337597658,
      "rev_growth_yoy_accel": -0.07251848728725152,
      "op_leverage_ratio": 0.3454709355165254,
      "fcf_margin_change": -0.17802969439507854
    },
    {
      "date": "2024-06-30T00:00:00",
      "quarter_label": "2024-06 (Q2)",
      "revenue": 60328000,
      "gross_profit": null,
      "operating_income": null,
      "net_income": null,
      "opex": 49307000,
      "cogs": null,
      "rd": null,
      "sga": null,
      "fcf": 18557000,
      "ocf": 18557000,
      "capex": null,
      "gross_margin": null,
      "op_margin": null,
      "fcf_margin": 0.3076017769526588,
      "rev_growth_yoy": 0.09111955145595949,
      "rev_growth_yoy_accel": -0.005312482303806321,
      "op_leverage_ratio": 2.4720097380507546,
      "fcf_margin_change": -0.022634006681183094
    },
    {
      "date": "2024-09-30T00:00:00",
      "quarter_label": "2024-09 (Q3)",
      "revenue": 60671000,
      "gross_profit": null,
      "operating_income": null,
      "net_income": null,
      "opex": 48911000,
      "cogs": null,
      "rd": null,
      "sga": null,
      "fcf": 16726000,
      "ocf": 16726000,
      "capex": null,
      "gross_margin": null,
      "op_margin": null,
      "fcf_margin": 0.27568360501722405,
      "rev_growth_yoy": 0.0825601313253872,
      "rev_growth_yoy_accel": -0.008559420130572287,
      "fcf_margin_change": -0.031918171935434725
    },
    {
      "date": "2024-12-31T00:00:00",
      "quarter_label": "2024-12 (Q4)",
      "revenue": 61873000,
      "gross_profit": null,
      "operating_income": null,
      "net_income": null,
      "opex": 51466000,
      "cogs": null,
      "rd": null,
      "sga": null,
      "fcf": 27270000,
      "ocf": 27270000,
      "capex": null,
      "gross_margin": null,
      "op_margin": null,
      "fcf_margin": 0.4407415189177832,
      "rev_growth_yoy": 0.08579601291590622,
      "rev_growth_yoy_accel": 0.0032358815905190186,
      "op_leverage_ratio": 0.3792616692622856,
      "fcf_margin_change": 0.16505791390055913
    },
    {
      "date": "2025-03-31T00:00:00",
      "quarter_label": "2025-03 (Q1)",
      "revenue": 61225000,
      "gross_profit": null,
      "operating_income": null,
      "net_income": null,
      "opex": 51651000,
      "cogs": null,
      "rd": null,
      "sga": null,
      "fcf": 12779000,
      "ocf": 12779000,
      "capex": null,
      "gross_margin": null,
      "op_margin": null,
      "fcf_margin": 0.20872192731727235,
      "rev_growth_yoy": 0.06145977808599168,
      "rev_growth_yoy_accel": -0.024336234829914538,
      "fcf_margin_change": -0.23201959160051083
    },
    {
      "date": "2025-06-30T00:00:00",
      "quarter_label": "2025-06 (Q2)",
      "revenue": 66643000,
      "gross_profit": null,
      "operating_income": null,
      "net_income": null,
      "opex": 54013000,
      "cogs": null,
      "rd": null,
      "sga": null,
      "fcf": 24416000,
      "ocf": 24416000,
      "capex": null,
      "gross_margin": null,
      "op_margin": null,
      "fcf_margin": 0.36637006137178696,
      "rev_growth_yoy": 0.10467776157008354,
      "rev_growth_yoy_accel": 0.043217983484091865,
      "op_leverage_ratio": 1.9351251076576903,
      "fcf_margin_change": 0.1576481340545146
    },
    {
      "date": "2025-09-30T00:00:00",
      "quarter_label": "2025-09 (Q3)",
      "revenue": 66918000,
      "gross_profit": null,
      "operating_income": null,
      "net_income": null,
      "opex": 54103000,
      "cogs": null,
      "rd": null,
      "sga": null,
      "fcf": 23448000,
      "ocf": 23448000,
      "capex": null,
      "gross_margin": null,
      "op_margin": null,
      "fcf_margin": 0.3503989957858872,
      "rev_growth_yoy": 0.10296517281732623,
      "rev_growth_yoy_accel": -0.0017125887527573158,
      "fcf_margin_change": -0.01597106558589978
    }
  ],
  "signals": [
    {
      "quarter": "2025-06 (Q2)",
      "signal": "FCF MARGIN EXPANSION",
      "detail": "FCF margin: +20.9% -> +36.6% (+15.8%)",
      "severity": "MEDIUM"
    },
    {
      "quarter": "2025-06 (Q2)",
      "signal": "OPERATING LEVERAGE",
      "detail": "Rev growth +8.8% vs OpEx growth +4.6% (leverage: 1.9x)",
      "severity": "MEDIUM"
    },
    {
      "quarter": "2024-12 (Q4)",
      "signal": "FCF MARGIN EXPANSION",
      "detail": "FCF margin: +27.6% -> +44.1% (+16.5%)",
      "severity": "MEDIUM"
    },
    {
      "quarter": "2024-06 (Q2)",
      "signal": "OPERATING LEVERAGE",
      "detail": "Rev growth +4.6% vs OpEx growth +1.9% (leverage: 2.5x)",
      "severity": "MEDIUM"
    },
    {
      "quarter": "2024-03 (Q1)",
      "signal": "YoY REVENUE GROWTH DECELERATION",
      "detail": "YoY growth: +9.6% vs prior quarter YoY: +16.9% (decel: -7.3%)",
      "severity": "WARNING"
    },
    {
      "quarter": "2023-12 (Q4)",
      "signal": "OPERATING LEVERAGE",
      "detail": "Rev growth +1.7% vs OpEx growth +0.7% (leverage: 2.4x)",
      "severity": "MEDIUM"
    },
    {
      "quarter": "2023-12 (Q4)",
      "signal": "YoY REVENUE GROWTH ACCELERATION",
      "detail": "YoY growth: +16.9% vs prior quarter YoY: +7.9% (accel: +9.0%)",
      "severity": "MEDIUM"
    },
    {
      "quarter": "2023-09 (Q3)",
      "signal": "OPERATING LEVERAGE",
      "detail": "Rev growth +1.4% vs OpEx growth +0.1% (leverage: 9.6x)",
      "severity": "MEDIUM"
    },
    {
      "quarter": "2023-06 (Q2)",
      "signal": "FCF MARGIN EXPANSION",
      "detail": "FCF margin: +25.3% -> +71.8% (+46.6%)",
      "severity": "MEDIUM"
    },
    {
      "quarter": "2023-06 (Q2)",
      "signal": "OPERATING LEVERAGE",
      "detail": "Rev growth +5.1% vs OpEx growth +2.5% (leverage: 2.0x)",
      "severity": "MEDIUM"
    },
    {
      "quarter": "2023-03 (Q1)",
      "signal": "FCF TURNED POSITIVE",
      "detail": "FCF margin: -25.3% -> +25.3%",
      "severity": "HIGH"
    },
    {
      "quarter": "2023-03 (Q1)",
      "signal": "YoY REVENUE GROWTH ACCELERATION",
      "detail": "YoY growth: +14.7% vs prior quarter YoY: +6.0% (accel: +8.7%)",
      "severity": "MEDIUM"
    },
    {
      "quarter": "2022-09 (Q3)",
      "signal": "YoY REVENUE GROWTH ACCELERATION",
      "detail": "YoY growth: +8.1% vs prior quarter YoY: +0.5% (accel: +7.6%)",
      "severity": "MEDIUM"
    },
    {
      "quarter": "2022-06 (Q2)",
      "signal": "YoY REVENUE GROWTH DECELERATION",
      "detail": "YoY growth: +0.5% vs prior quarter YoY: +6.3% (decel: -5.8%)",
      "severity": "WARNING"
    },
    {
      "quarter": "2021-12 (Q4)",
      "signal": "FCF MARGIN EXPANSION",
      "detail": "FCF margin: +27.2% -> +41.2% (+14.0%)",
      "severity": "MEDIUM"
    },
    {
      "quarter": "2021-06 (Q2)",
      "signal": "FCF MARGIN EXPANSION",
      "detail": "FCF margin: +30.6% -> +40.8% (+10.2%)",
      "severity": "MEDIUM"
    }
  ],
  "data_quality": {
    "n_quarters": 20,
    "coverage": {
      "revenue": [
        20,
        20
      ],
      "gross_profit": [
        1,
        20
      ],
      "op_income": [
        0,
        20
      ],
      "fcf": [
        20,
        20
      ]
    },
    "gaps": [],
    "warnings": [
      "gross_profit: 1/20Q",
      "op_income: no data"
    ]
  },
  "market_cap": null,
  "source": "SEC EDGAR",
  "last_updated": "2026-02-02T21:52:49.206272"
}