{
  "ticker": "UNFI",
  "name": "UNITED NATURAL FOODS,\u00a0INC.",
  "quarters": [
    {
      "date": "2021-01-30T00:00:00",
      "quarter_label": "2021-01 (Q1)",
      "revenue": 6888133000,
      "gross_profit": 990359000,
      "operating_income": 105297000,
      "net_income": 58960000,
      "opex": 885062000,
      "cogs": 5897774000,
      "rd": null,
      "sga": null,
      "fcf": 214000000,
      "ocf": 265000000,
      "capex": -51000000,
      "gross_margin": 0.14377756643200704,
      "op_margin": 0.015286725735406096,
      "fcf_margin": 0.031067925082166676
    },
    {
      "date": "2021-05-01T00:00:00",
      "quarter_label": "2021-05 (Q2)",
      "revenue": 6619842000,
      "gross_profit": 966799000,
      "operating_income": 90494000,
      "net_income": 48558000,
      "opex": 876305000,
      "cogs": 5653043000,
      "rd": null,
      "sga": null,
      "fcf": 56000000,
      "ocf": 129000000,
      "capex": -73000000,
      "gross_margin": 0.14604563069632176,
      "op_margin": 0.013670114785216929,
      "fcf_margin": 0.008459416402989679,
      "fcf_margin_change": -0.022608508679177
    },
    {
      "date": "2021-07-31T00:00:00",
      "quarter_label": "2021-07 (Q3)",
      "revenue": 6769418000,
      "gross_profit": 1015343000,
      "operating_income": 48870000,
      "net_income": 42525000,
      "opex": 966473000,
      "cogs": 5754075000,
      "rd": null,
      "sga": null,
      "fcf": 133000000,
      "ocf": 278000000,
      "capex": -145000000,
      "gross_margin": 0.14998970369387737,
      "op_margin": 0.007219232140783742,
      "fcf_margin": 0.019647183849483073,
      "op_leverage_ratio": 0.2195923184269299,
      "fcf_margin_change": 0.011187767446493394
    },
    {
      "date": "2021-10-30T00:00:00",
      "quarter_label": "2021-10 (Q4)",
      "revenue": 6997000000,
      "gross_profit": 1042000000,
      "operating_income": 107000000,
      "net_income": 76000000,
      "opex": 935000000,
      "cogs": 5955000000,
      "rd": null,
      "sga": null,
      "fcf": -137000000,
      "ocf": -81000000,
      "capex": -56000000,
      "gross_margin": 0.14892096612834071,
      "op_margin": 0.015292268114906388,
      "fcf_margin": -0.01957981992282407,
      "op_leverage_ratio": Infinity,
      "fcf_margin_change": -0.039227003772307145
    },
    {
      "date": "2022-01-29T00:00:00",
      "quarter_label": "2022-01 (Q1)",
      "revenue": 7416000000,
      "gross_profit": 1075000000,
      "operating_income": 125000000,
      "net_income": 66000000,
      "opex": 950000000,
      "cogs": 6341000000,
      "rd": null,
      "sga": null,
      "fcf": 74000000,
      "ocf": 124000000,
      "capex": -50000000,
      "gross_margin": 0.14495685005393744,
      "op_margin": 0.0168554476806904,
      "fcf_margin": 0.009978425026968716,
      "incr_op_margin_yoy": 0.037325689993881035,
      "rev_growth_yoy": 0.07663426359508448,
      "op_leverage_ratio": 3.7326949645085987,
      "fcf_margin_change": 0.029558244949792783
    },
    {
      "date": "2022-04-30T00:00:00",
      "quarter_label": "2022-04 (Q2)",
      "revenue": 7242000000,
      "gross_profit": 1012000000,
      "operating_income": 123000000,
      "net_income": 67000000,
      "opex": 889000000,
      "cogs": 6230000000,
      "rd": null,
      "sga": null,
      "fcf": -126000000,
      "ocf": -74000000,
      "capex": -52000000,
      "gross_margin": 0.13974040320353492,
      "op_margin": 0.016984258492129246,
      "fcf_margin": -0.01739850869925435,
      "incr_op_margin_yoy": 0.05224717836948171,
      "rev_growth_yoy": 0.09398381411520093,
      "rev_growth_yoy_accel": 0.017349550520116455,
      "fcf_margin_change": -0.027376933726223067
    },
    {
      "date": "2022-07-30T00:00:00",
      "quarter_label": "2022-07 (Q3)",
      "revenue": 7273000000,
      "gross_profit": 1053000000,
      "operating_income": 68000000,
      "net_income": 39000000,
      "opex": 985000000,
      "cogs": 6220000000,
      "rd": null,
      "sga": null,
      "fcf": 269000000,
      "ocf": 362000000,
      "capex": -93000000,
      "gross_margin": 0.1447820706723498,
      "op_margin": 0.009349649388147944,
      "fcf_margin": 0.03698611302076172,
      "incr_op_margin_yoy": 0.037987855006731776,
      "rev_growth_yoy": 0.07439073787436379,
      "rev_growth_yoy_accel": -0.019593076240837143,
      "fcf_margin_change": 0.05438462172001607
    },
    {
      "date": "2022-10-29T00:00:00",
      "quarter_label": "2022-10 (Q4)",
      "revenue": 7532000000,
      "gross_profit": 1096000000,
      "operating_income": 99000000,
      "net_income": 66000000,
      "opex": 997000000,
      "cogs": 6436000000,
      "rd": null,
      "sga": null,
      "fcf": -329000000,
      "ocf": -262000000,
      "capex": -67000000,
      "gross_margin": 0.14551248008497078,
      "op_margin": 0.013143919277748274,
      "fcf_margin": -0.04368029739776952,
      "incr_op_margin_yoy": -0.014953271028037384,
      "rev_growth_yoy": 0.07646134057453194,
      "rev_growth_yoy_accel": 0.0020706027001681504,
      "op_leverage_ratio": 2.9230830927173566,
      "fcf_margin_change": -0.08066641041853123
    },
    {
      "date": "2023-01-28T00:00:00",
      "quarter_label": "2023-01 (Q1)",
      "revenue": 7816000000,
      "gross_profit": 1069000000,
      "operating_income": 63000000,
      "net_income": 19000000,
      "opex": 1006000000,
      "cogs": 6747000000,
      "rd": null,
      "sga": null,
      "fcf": 448000000,
      "ocf": 532000000,
      "capex": -84000000,
      "gross_margin": 0.13677072671443194,
      "op_margin": 0.008060388945752303,
      "fcf_margin": 0.057318321392016376,
      "incr_op_margin_yoy": -0.155,
      "rev_growth_yoy": 0.05393743257820928,
      "rev_growth_yoy_accel": -0.02252390799632266,
      "op_leverage_ratio": 4.176963474361244,
      "fcf_margin_change": 0.10099861878978589
    },
    {
      "date": "2023-04-29T00:00:00",
      "quarter_label": "2023-04 (Q2)",
      "revenue": 7507000000,
      "gross_profit": 1000000000,
      "operating_income": 33000000,
      "net_income": 7000000,
      "opex": 967000000,
      "cogs": 6507000000,
      "rd": null,
      "sga": null,
      "fcf": 65000000,
      "ocf": 132000000,
      "capex": -67000000,
      "gross_margin": 0.1332090049287332,
      "op_margin": 0.004395897162648195,
      "fcf_margin": 0.008658585320367658,
      "incr_op_margin_yoy": -0.33962264150943394,
      "rev_growth_yoy": 0.03659210162938415,
      "rev_growth_yoy_accel": -0.01734533094882513,
      "fcf_margin_change": -0.04865973607164872
    },
    {
      "date": "2023-07-29T00:00:00",
      "quarter_label": "2023-07 (Q3)",
      "revenue": 7417000000,
      "gross_profit": 966000000,
      "operating_income": -75000000,
      "net_income": -68000000,
      "opex": 1041000000,
      "cogs": 6451000000,
      "rd": null,
      "sga": null,
      "fcf": 117000000,
      "ocf": 222000000,
      "capex": -105000000,
      "gross_margin": 0.13024133746797897,
      "op_margin": -0.010111905082917622,
      "fcf_margin": 0.01577457192935149,
      "incr_op_margin_yoy": -0.9930555555555556,
      "rev_growth_yoy": 0.019799257527842704,
      "rev_growth_yoy_accel": -0.016792844101541447,
      "fcf_margin_change": 0.007115986608983832
    },
    {
      "date": "2023-10-28T00:00:00",
      "quarter_label": "2023-10 (Q4)",
      "revenue": 7552000000,
      "gross_profit": 1030000000,
      "operating_income": -16000000,
      "net_income": -39000000,
      "opex": 1046000000,
      "cogs": 6522000000,
      "rd": null,
      "sga": null,
      "fcf": -328000000,
      "ocf": -254000000,
      "capex": -74000000,
      "gross_margin": 0.1363877118644068,
      "op_margin": -0.00211864406779661,
      "fcf_margin": -0.04343220338983051,
      "incr_op_margin_yoy": -5.75,
      "rev_growth_yoy": 0.0026553372278279343,
      "rev_growth_yoy_accel": -0.01714392030001477,
      "op_leverage_ratio": 3.789537548874208,
      "fcf_margin_change": -0.059206775319182
    },
    {
      "date": "2024-01-27T00:00:00",
      "quarter_label": "2024-01 (Q1)",
      "revenue": 7775000000,
      "gross_profit": 1035000000,
      "operating_income": 16000000,
      "net_income": -15000000,
      "opex": 1019000000,
      "cogs": 6740000000,
      "rd": null,
      "sga": null,
      "fcf": 116000000,
      "ocf": 183000000,
      "capex": -67000000,
      "gross_margin": 0.13311897106109324,
      "op_margin": 0.002057877813504823,
      "fcf_margin": 0.014919614147909968,
      "incr_op_margin_yoy": 1.146341463414634,
      "rev_growth_yoy": -0.005245649948822927,
      "rev_growth_yoy_accel": -0.007900987176650862,
      "op_leverage_ratio": Infinity,
      "fcf_margin_change": 0.05835181753774048
    },
    {
      "date": "2024-04-27T00:00:00",
      "quarter_label": "2024-04 (Q2)",
      "revenue": 7498000000,
      "gross_profit": 1020000000,
      "operating_income": 6000000,
      "net_income": -21000000,
      "opex": 1014000000,
      "cogs": 6478000000,
      "rd": null,
      "sga": null,
      "fcf": 49000000,
      "ocf": 125000000,
      "capex": -76000000,
      "gross_margin": 0.13603627634035742,
      "op_margin": 0.0008002133902373967,
      "fcf_margin": 0.006535076020272072,
      "incr_op_margin_yoy": 3.0,
      "rev_growth_yoy": -0.0011988810443585986,
      "rev_growth_yoy_accel": 0.004046768904464329,
      "fcf_margin_change": -0.008384538127637897
    },
    {
      "date": "2024-08-03T00:00:00",
      "quarter_label": "2024-08 (Q3)",
      "revenue": 8155000000,
      "gross_profit": 1116000000,
      "operating_income": 2000000,
      "net_income": -37000000,
      "opex": 1114000000,
      "cogs": 7039000000,
      "rd": null,
      "sga": null,
      "fcf": 71000000,
      "ocf": 199000000,
      "capex": -128000000,
      "gross_margin": 0.13684855916615574,
      "op_margin": 0.0002452483139178418,
      "fcf_margin": 0.008706315144083385,
      "incr_op_margin_yoy": 0.1043360433604336,
      "rev_growth_yoy": 0.0995011460159094,
      "rev_growth_yoy_accel": 0.100700027060268,
      "op_leverage_ratio": 0.8885009335822885,
      "fcf_margin_change": 0.002171239123811313
    },
    {
      "date": "2024-11-02T00:00:00",
      "quarter_label": "2024-11 (Q4)",
      "revenue": 7871000000,
      "gross_profit": 1038000000,
      "operating_income": 5000000,
      "net_income": -21000000,
      "opex": 1033000000,
      "cogs": 6833000000,
      "rd": null,
      "sga": null,
      "fcf": -159000000,
      "ocf": -110000000,
      "capex": -49000000,
      "gross_margin": 0.13187650870283318,
      "op_margin": 0.0006352432981832042,
      "fcf_margin": -0.020200736882225893,
      "incr_op_margin_yoy": 0.06583072100313479,
      "rev_growth_yoy": 0.042240466101694914,
      "rev_growth_yoy_accel": -0.057260679914214484,
      "fcf_margin_change": -0.028907052026309277
    },
    {
      "date": "2025-02-01T00:00:00",
      "quarter_label": "2025-02 (Q1)",
      "revenue": 8158000000,
      "gross_profit": 1072000000,
      "operating_income": 27000000,
      "net_income": -3000000,
      "opex": 1045000000,
      "cogs": 7086000000,
      "rd": null,
      "sga": null,
      "fcf": 193000000,
      "ocf": 247000000,
      "capex": -54000000,
      "gross_margin": 0.13140475606766364,
      "op_margin": 0.003309634714390782,
      "fcf_margin": 0.023657759254719295,
      "incr_op_margin_yoy": 0.028720626631853787,
      "rev_growth_yoy": 0.049260450160771706,
      "rev_growth_yoy_accel": 0.007019984059076792,
      "op_leverage_ratio": 3.138853597594545,
      "fcf_margin_change": 0.04385849613694519
    },
    {
      "date": "2025-05-03T00:00:00",
      "quarter_label": "2025-05 (Q2)",
      "revenue": 8059000000,
      "gross_profit": 1082000000,
      "operating_income": 15000000,
      "net_income": -7000000,
      "opex": 1067000000,
      "cogs": 6977000000,
      "rd": null,
      "sga": null,
      "fcf": 119000000,
      "ocf": 173000000,
      "capex": -54000000,
      "gross_margin": 0.13425983372626876,
      "op_margin": 0.0018612731108077925,
      "fcf_margin": 0.014766100012408488,
      "incr_op_margin_yoy": 0.016042780748663103,
      "rev_growth_yoy": 0.07481995198719658,
      "rev_growth_yoy_accel": 0.02555950182642488,
      "fcf_margin_change": -0.008891659242310807
    },
    {
      "date": "2025-08-02T00:00:00",
      "quarter_label": "2025-08 (Q3)",
      "revenue": 7696000000,
      "gross_profit": 1030000000,
      "operating_income": -78000000,
      "net_income": -87000000,
      "opex": 1108000000,
      "cogs": 6666000000,
      "rd": null,
      "sga": null,
      "fcf": 86000000,
      "ocf": 160000000,
      "capex": -74000000,
      "gross_margin": 0.13383575883575882,
      "op_margin": -0.010135135135135136,
      "fcf_margin": 0.011174636174636175,
      "incr_op_margin_yoy": 0.17429193899782136,
      "rev_growth_yoy": -0.056284488044144695,
      "rev_growth_yoy_accel": -0.13110444003134128,
      "fcf_margin_change": -0.003591463837772313
    },
    {
      "date": "2025-11-01T00:00:00",
      "quarter_label": "2025-11 (Q4)",
      "revenue": 7840000000,
      "gross_profit": 1051000000,
      "operating_income": 19000000,
      "net_income": -4000000,
      "opex": 1032000000,
      "cogs": 6789000000,
      "rd": null,
      "sga": null,
      "fcf": -54000000,
      "ocf": -38000000,
      "capex": -16000000,
      "gross_margin": 0.1340561224489796,
      "op_margin": 0.002423469387755102,
      "fcf_margin": -0.0068877551020408165,
      "incr_op_margin_yoy": -0.45161290322580644,
      "rev_growth_yoy": -0.003938508448735866,
      "rev_growth_yoy_accel": 0.05234597959540883,
      "op_leverage_ratio": Infinity,
      "fcf_margin_change": -0.01806239127667699
    }
  ],
  "signals": [
    {
      "quarter": "2025-11 (Q4)",
      "signal": "YoY REVENUE GROWTH ACCELERATION",
      "detail": "YoY growth: -0.4% vs prior quarter YoY: -5.6% (accel: +5.2%)",
      "severity": "MEDIUM"
    },
    {
      "quarter": "2025-11 (Q4)",
      "signal": "OP MARGIN TURNED POSITIVE (QoQ)",
      "detail": "Op margin: -1.0% -> +0.2%",
      "severity": "HIGH"
    },
    {
      "quarter": "2025-08 (Q3)",
      "signal": "YoY REVENUE GROWTH DECELERATION",
      "detail": "YoY growth: -5.6% vs prior quarter YoY: +7.5% (decel: -13.1%)",
      "severity": "WARNING"
    },
    {
      "quarter": "2025-02 (Q1)",
      "signal": "FCF TURNED POSITIVE",
      "detail": "FCF margin: -2.0% -> +2.4%",
      "severity": "HIGH"
    },
    {
      "quarter": "2025-02 (Q1)",
      "signal": "OPERATING LEVERAGE",
      "detail": "Rev growth +3.6% vs OpEx growth +1.2% (leverage: 3.1x)",
      "severity": "MEDIUM"
    },
    {
      "quarter": "2024-11 (Q4)",
      "signal": "YoY REVENUE GROWTH DECELERATION",
      "detail": "YoY growth: +4.2% vs prior quarter YoY: +10.0% (decel: -5.7%)",
      "severity": "WARNING"
    },
    {
      "quarter": "2024-11 (Q4)",
      "signal": "OP MARGIN TURNED POSITIVE (YoY)",
      "detail": "Op margin: -0.2% (year-ago) -> +0.1%",
      "severity": "HIGH"
    },
    {
      "quarter": "2024-08 (Q3)",
      "signal": "YoY REVENUE GROWTH ACCELERATION",
      "detail": "YoY growth: +10.0% vs prior quarter YoY: -0.1% (accel: +10.1%)",
      "severity": "MEDIUM"
    },
    {
      "quarter": "2024-08 (Q3)",
      "signal": "OP MARGIN TURNED POSITIVE (YoY)",
      "detail": "Op margin: -1.0% (year-ago) -> +0.0%",
      "severity": "HIGH"
    },
    {
      "quarter": "2024-04 (Q2)",
      "signal": "INCREMENTAL MARGIN (YoY)",
      "detail": "YoY Incr OPM: +300.0% vs year-ago OPM: +0.4%",
      "severity": "HIGH"
    },
    {
      "quarter": "2024-01 (Q1)",
      "signal": "FCF TURNED POSITIVE",
      "detail": "FCF margin: -4.3% -> +1.5%",
      "severity": "HIGH"
    },
    {
      "quarter": "2024-01 (Q1)",
      "signal": "INCREMENTAL MARGIN (YoY)",
      "detail": "YoY Incr OPM: +114.6% vs year-ago OPM: +0.8%",
      "severity": "HIGH"
    },
    {
      "quarter": "2024-01 (Q1)",
      "signal": "OP MARGIN TURNED POSITIVE (QoQ)",
      "detail": "Op margin: -0.2% -> +0.2%",
      "severity": "HIGH"
    },
    {
      "quarter": "2023-10 (Q4)",
      "signal": "OPERATING LEVERAGE",
      "detail": "Rev growth +1.8% vs OpEx growth +0.5% (leverage: 3.8x)",
      "severity": "MEDIUM"
    },
    {
      "quarter": "2023-01 (Q1)",
      "signal": "FCF TURNED POSITIVE",
      "detail": "FCF margin: -4.4% -> +5.7%",
      "severity": "HIGH"
    },
    {
      "quarter": "2023-01 (Q1)",
      "signal": "OPERATING LEVERAGE",
      "detail": "Rev growth +3.8% vs OpEx growth +0.9% (leverage: 4.2x)",
      "severity": "MEDIUM"
    },
    {
      "quarter": "2022-10 (Q4)",
      "signal": "OPERATING LEVERAGE",
      "detail": "Rev growth +3.6% vs OpEx growth +1.2% (leverage: 2.9x)",
      "severity": "MEDIUM"
    },
    {
      "quarter": "2022-07 (Q3)",
      "signal": "FCF TURNED POSITIVE",
      "detail": "FCF margin: -1.7% -> +3.7%",
      "severity": "HIGH"
    },
    {
      "quarter": "2022-01 (Q1)",
      "signal": "FCF TURNED POSITIVE",
      "detail": "FCF margin: -2.0% -> +1.0%",
      "severity": "HIGH"
    },
    {
      "quarter": "2022-01 (Q1)",
      "signal": "OPERATING LEVERAGE",
      "detail": "Rev growth +6.0% vs OpEx growth +1.6% (leverage: 3.7x)",
      "severity": "MEDIUM"
    }
  ],
  "data_quality": {
    "n_quarters": 20,
    "coverage": {
      "revenue": [
        20,
        20
      ],
      "gross_profit": [
        20,
        20
      ],
      "op_income": [
        20,
        20
      ],
      "fcf": [
        20,
        20
      ]
    },
    "gaps": [],
    "warnings": []
  },
  "market_cap": null,
  "source": "SEC EDGAR",
  "last_updated": "2026-02-02T21:30:41.118674"
}