{
  "ticker": "UNG",
  "name": "UNITED STATES NATURAL GAS FUND, LP",
  "quarters": [
    {
      "date": "2020-03-31T00:00:00",
      "quarter_label": "2020-03 (Q1)",
      "revenue": -131358688,
      "gross_profit": null,
      "operating_income": null,
      "net_income": null,
      "opex": 1530249,
      "cogs": null,
      "rd": null,
      "sga": null,
      "fcf": null,
      "ocf": null,
      "capex": null,
      "gross_margin": null,
      "op_margin": null,
      "fcf_margin": null
    },
    {
      "date": "2020-06-30T00:00:00",
      "quarter_label": "2020-06 (Q2)",
      "revenue": -71201367,
      "gross_profit": null,
      "operating_income": null,
      "net_income": null,
      "opex": 1515344,
      "cogs": null,
      "rd": null,
      "sga": null,
      "fcf": null,
      "ocf": null,
      "capex": null,
      "gross_margin": null,
      "op_margin": null,
      "fcf_margin": null
    },
    {
      "date": "2020-09-30T00:00:00",
      "quarter_label": "2020-09 (Q3)",
      "revenue": 54572695,
      "gross_profit": null,
      "operating_income": null,
      "net_income": null,
      "opex": 1218674,
      "cogs": null,
      "rd": null,
      "sga": null,
      "fcf": null,
      "ocf": null,
      "capex": null,
      "gross_margin": null,
      "op_margin": null,
      "fcf_margin": null
    },
    {
      "date": "2020-12-31T00:00:00",
      "quarter_label": "2020-12 (Q4)",
      "revenue": -49380706,
      "gross_profit": null,
      "operating_income": null,
      "net_income": -50564142,
      "opex": 1183436,
      "cogs": null,
      "rd": null,
      "sga": null,
      "fcf": -54532403,
      "ocf": -54532403,
      "capex": null,
      "gross_margin": null,
      "op_margin": null,
      "fcf_margin": 1.1043261106878464
    },
    {
      "date": "2021-03-31T00:00:00",
      "quarter_label": "2021-03 (Q1)",
      "revenue": 29808098,
      "gross_profit": null,
      "operating_income": null,
      "net_income": 28791269,
      "opex": 1016829,
      "cogs": null,
      "rd": null,
      "sga": null,
      "fcf": 7740388,
      "ocf": 7740388,
      "capex": null,
      "gross_margin": null,
      "op_margin": null,
      "fcf_margin": 0.2596739986563383,
      "fcf_margin_change": -0.844652112031508
    },
    {
      "date": "2021-06-30T00:00:00",
      "quarter_label": "2021-06 (Q2)",
      "revenue": 76635015,
      "gross_profit": null,
      "operating_income": null,
      "net_income": 75726322,
      "opex": 908693,
      "cogs": null,
      "rd": null,
      "sga": null,
      "fcf": 59655679,
      "ocf": 59655679,
      "capex": null,
      "gross_margin": null,
      "op_margin": null,
      "fcf_margin": 0.7784389289934894,
      "op_leverage_ratio": Infinity,
      "fcf_margin_change": 0.5187649303371511
    },
    {
      "date": "2021-09-30T00:00:00",
      "quarter_label": "2021-09 (Q3)",
      "revenue": 134756130,
      "gross_profit": null,
      "operating_income": null,
      "net_income": 134000738,
      "opex": 755392,
      "cogs": null,
      "rd": null,
      "sga": null,
      "fcf": 126328881,
      "ocf": 126328881,
      "capex": null,
      "gross_margin": null,
      "op_margin": null,
      "fcf_margin": 0.9374629636514494,
      "rev_growth_yoy": 1.469295863068518,
      "op_leverage_ratio": Infinity,
      "fcf_margin_change": 0.15902403465796
    },
    {
      "date": "2021-12-31T00:00:00",
      "quarter_label": "2021-12 (Q4)",
      "revenue": -219051067,
      "gross_profit": null,
      "operating_income": null,
      "net_income": -220118128,
      "opex": 1067061,
      "cogs": null,
      "rd": null,
      "sga": null,
      "fcf": -186547914,
      "ocf": -186547914,
      "capex": null,
      "gross_margin": null,
      "op_margin": null,
      "fcf_margin": 0.8516183762757019,
      "fcf_margin_change": -0.08584458737574752
    },
    {
      "date": "2022-03-31T00:00:00",
      "quarter_label": "2022-03 (Q1)",
      "revenue": 210949307,
      "gross_profit": null,
      "operating_income": null,
      "net_income": 210038953,
      "opex": 910354,
      "cogs": null,
      "rd": null,
      "sga": null,
      "fcf": 167500722,
      "ocf": 167500722,
      "capex": null,
      "gross_margin": null,
      "op_margin": null,
      "fcf_margin": 0.7940330517416679,
      "rev_growth_yoy": 6.076912689967672,
      "fcf_margin_change": -0.05758532453403398
    },
    {
      "date": "2022-06-30T00:00:00",
      "quarter_label": "2022-06 (Q2)",
      "revenue": -53073030,
      "gross_profit": null,
      "operating_income": null,
      "net_income": -54301350,
      "opex": 1228320,
      "cogs": null,
      "rd": null,
      "sga": null,
      "fcf": 119186678,
      "ocf": 119186678,
      "capex": null,
      "gross_margin": null,
      "op_margin": null,
      "fcf_margin": -2.245710825253429,
      "rev_growth_yoy": -1.692542827844426,
      "rev_growth_yoy_accel": -7.769455517812098,
      "fcf_margin_change": -3.039743876995097
    },
    {
      "date": "2022-09-30T00:00:00",
      "quarter_label": "2022-09 (Q3)",
      "revenue": 115944781,
      "gross_profit": null,
      "operating_income": null,
      "net_income": 114505801,
      "opex": 1438980,
      "cogs": null,
      "rd": null,
      "sga": null,
      "fcf": 81351901,
      "ocf": 81351901,
      "capex": null,
      "gross_margin": null,
      "op_margin": null,
      "fcf_margin": 0.7016434918273725,
      "rev_growth_yoy": -0.13959549743674,
      "rev_growth_yoy_accel": 1.552947330407686,
      "fcf_margin_change": 2.9473543170808014
    },
    {
      "date": "2022-12-31T00:00:00",
      "quarter_label": "2022-12 (Q4)",
      "revenue": -193804220,
      "gross_profit": null,
      "operating_income": null,
      "net_income": -195213915,
      "opex": 1409695,
      "cogs": null,
      "rd": null,
      "sga": null,
      "fcf": -152503798,
      "ocf": -152503798,
      "capex": null,
      "gross_margin": null,
      "op_margin": null,
      "fcf_margin": 0.7868961676892278,
      "fcf_margin_change": 0.08525267586185525
    },
    {
      "date": "2023-03-31T00:00:00",
      "quarter_label": "2023-03 (Q1)",
      "revenue": -443579372,
      "gross_profit": null,
      "operating_income": null,
      "net_income": -446085413,
      "opex": 2506041,
      "cogs": null,
      "rd": null,
      "sga": null,
      "fcf": -475183623,
      "ocf": -475183623,
      "capex": null,
      "gross_margin": null,
      "op_margin": null,
      "fcf_margin": 1.0712482432569024,
      "rev_growth_yoy": -3.102777099902964,
      "op_leverage_ratio": 1.6571565032118623,
      "fcf_margin_change": 0.2843520755676746
    },
    {
      "date": "2023-06-30T00:00:00",
      "quarter_label": "2023-06 (Q2)",
      "revenue": 113056674,
      "gross_profit": null,
      "operating_income": null,
      "net_income": 110184675,
      "opex": 2871999,
      "cogs": null,
      "rd": null,
      "sga": null,
      "fcf": -91210944,
      "ocf": -91210944,
      "capex": null,
      "gross_margin": null,
      "op_margin": null,
      "fcf_margin": -0.8067718673556592,
      "fcf_margin_change": -1.8780201106125616
    },
    {
      "date": "2023-09-30T00:00:00",
      "quarter_label": "2023-09 (Q3)",
      "revenue": -78993423,
      "gross_profit": null,
      "operating_income": null,
      "net_income": -81643654,
      "opex": 2650231,
      "cogs": null,
      "rd": null,
      "sga": null,
      "fcf": 19946304,
      "ocf": 19946304,
      "capex": null,
      "gross_margin": null,
      "op_margin": null,
      "fcf_margin": -0.2525058826732955,
      "rev_growth_yoy": -1.6813021019031464,
      "fcf_margin_change": 0.5542659846823637
    },
    {
      "date": "2023-12-31T00:00:00",
      "quarter_label": "2023-12 (Q4)",
      "revenue": -251229298,
      "gross_profit": null,
      "operating_income": null,
      "net_income": -253706452,
      "opex": 2477154,
      "cogs": null,
      "rd": null,
      "sga": null,
      "fcf": -318546916,
      "ocf": -318546916,
      "capex": null,
      "gross_margin": null,
      "op_margin": null,
      "fcf_margin": 1.2679528961626123,
      "op_leverage_ratio": Infinity,
      "fcf_margin_change": 1.5204587788359079
    },
    {
      "date": "2024-03-31T00:00:00",
      "quarter_label": "2024-03 (Q1)",
      "revenue": -162005166,
      "gross_profit": null,
      "operating_income": null,
      "net_income": -164571369,
      "opex": 2566203,
      "cogs": null,
      "rd": null,
      "sga": null,
      "fcf": -89544838,
      "ocf": -89544838,
      "capex": null,
      "gross_margin": null,
      "op_margin": null,
      "fcf_margin": 0.552728287689295,
      "fcf_margin_change": -0.7152246084733173
    },
    {
      "date": "2024-06-30T00:00:00",
      "quarter_label": "2024-06 (Q2)",
      "revenue": 176585785,
      "gross_profit": null,
      "operating_income": null,
      "net_income": 174078176,
      "opex": 2507609,
      "cogs": null,
      "rd": null,
      "sga": null,
      "fcf": 230668163,
      "ocf": 230668163,
      "capex": null,
      "gross_margin": null,
      "op_margin": null,
      "fcf_margin": 1.3062668832601674,
      "rev_growth_yoy": 0.5619226955146407,
      "fcf_margin_change": 0.7535385955708723
    },
    {
      "date": "2024-09-30T00:00:00",
      "quarter_label": "2024-09 (Q3)",
      "revenue": 4446633,
      "gross_profit": null,
      "operating_income": null,
      "net_income": 1905125,
      "opex": 2541508,
      "cogs": null,
      "rd": null,
      "sga": null,
      "fcf": -179878026,
      "ocf": -179878026,
      "capex": null,
      "gross_margin": null,
      "op_margin": null,
      "fcf_margin": -40.452635960737034,
      "fcf_margin_change": -41.7589028439972
    },
    {
      "date": "2024-12-31T00:00:00",
      "quarter_label": "2024-12 (Q4)",
      "revenue": 56237000,
      "gross_profit": null,
      "operating_income": null,
      "net_income": 53733843,
      "opex": 2503157,
      "cogs": null,
      "rd": null,
      "sga": null,
      "fcf": 86294186,
      "ocf": 86294186,
      "capex": null,
      "gross_margin": null,
      "op_margin": null,
      "fcf_margin": 1.5344734960968758,
      "op_leverage_ratio": Infinity,
      "fcf_margin_change": 41.987109456833906
    }
  ],
  "signals": [
    {
      "quarter": "2024-12 (Q4)",
      "signal": "FCF TURNED POSITIVE",
      "detail": "FCF margin: -4045.3% -> +153.4%",
      "severity": "HIGH"
    },
    {
      "quarter": "2024-06 (Q2)",
      "signal": "FCF MARGIN EXPANSION",
      "detail": "FCF margin: +55.3% -> +130.6% (+75.4%)",
      "severity": "MEDIUM"
    },
    {
      "quarter": "2023-12 (Q4)",
      "signal": "FCF TURNED POSITIVE",
      "detail": "FCF margin: -25.3% -> +126.8%",
      "severity": "HIGH"
    },
    {
      "quarter": "2023-09 (Q3)",
      "signal": "FCF MARGIN EXPANSION",
      "detail": "FCF margin: -80.7% -> -25.3% (+55.4%)",
      "severity": "MEDIUM"
    },
    {
      "quarter": "2023-03 (Q1)",
      "signal": "FCF MARGIN EXPANSION",
      "detail": "FCF margin: +78.7% -> +107.1% (+28.4%)",
      "severity": "MEDIUM"
    },
    {
      "quarter": "2023-03 (Q1)",
      "signal": "OPERATING LEVERAGE",
      "detail": "Rev growth +128.9% vs OpEx growth +77.8% (leverage: 1.7x)",
      "severity": "MEDIUM"
    },
    {
      "quarter": "2022-12 (Q4)",
      "signal": "FCF MARGIN EXPANSION",
      "detail": "FCF margin: +70.2% -> +78.7% (+8.5%)",
      "severity": "MEDIUM"
    },
    {
      "quarter": "2022-09 (Q3)",
      "signal": "FCF TURNED POSITIVE",
      "detail": "FCF margin: -224.6% -> +70.2%",
      "severity": "HIGH"
    },
    {
      "quarter": "2022-09 (Q3)",
      "signal": "YoY REVENUE GROWTH ACCELERATION",
      "detail": "YoY growth: -14.0% vs prior quarter YoY: -169.3% (accel: +155.3%)",
      "severity": "HIGH"
    },
    {
      "quarter": "2022-06 (Q2)",
      "signal": "YoY REVENUE GROWTH DECELERATION",
      "detail": "YoY growth: -169.3% vs prior quarter YoY: +607.7% (decel: -776.9%)",
      "severity": "WARNING"
    },
    {
      "quarter": "2021-09 (Q3)",
      "signal": "FCF MARGIN EXPANSION",
      "detail": "FCF margin: +77.8% -> +93.7% (+15.9%)",
      "severity": "MEDIUM"
    },
    {
      "quarter": "2021-06 (Q2)",
      "signal": "FCF MARGIN EXPANSION",
      "detail": "FCF margin: +26.0% -> +77.8% (+51.9%)",
      "severity": "MEDIUM"
    }
  ],
  "data_quality": {
    "n_quarters": 20,
    "coverage": {
      "revenue": [
        20,
        20
      ],
      "gross_profit": [
        0,
        20
      ],
      "op_income": [
        0,
        20
      ],
      "fcf": [
        17,
        20
      ]
    },
    "gaps": [],
    "warnings": [
      "gross_profit: no data",
      "op_income: no data"
    ]
  },
  "market_cap": null,
  "source": "SEC EDGAR",
  "last_updated": "2026-02-02T23:04:56.166969"
}