{
  "ticker": "UNH",
  "name": "UNITEDHEALTH GROUP INCORPORATED",
  "quarters": [
    {
      "date": "2020-12-31T00:00:00",
      "quarter_label": "2020-12 (Q4)",
      "revenue": 65467000000,
      "gross_profit": 57845000000,
      "operating_income": 3517000000,
      "net_income": 2212000000,
      "opex": 61950000000,
      "cogs": 7622000000,
      "rd": null,
      "sga": 11514000000,
      "fcf": 5527000000,
      "ocf": 6101000000,
      "capex": -574000000,
      "gross_margin": 0.8835749308812073,
      "op_margin": 0.05372172239448882,
      "fcf_margin": 0.08442421372599936
    },
    {
      "date": "2021-03-31T00:00:00",
      "quarter_label": "2021-03 (Q1)",
      "revenue": 70196000000,
      "gross_profit": 62624000000,
      "operating_income": 6739000000,
      "net_income": 4862000000,
      "opex": 63457000000,
      "cogs": 7572000000,
      "rd": null,
      "sga": 10223000000,
      "fcf": 5437000000,
      "ocf": 6005000000,
      "capex": -568000000,
      "gross_margin": 0.8921306057325203,
      "op_margin": 0.09600262123197903,
      "fcf_margin": 0.07745455581514617,
      "op_leverage_ratio": 2.9694425844701144,
      "fcf_margin_change": -0.006969657910853189
    },
    {
      "date": "2021-06-30T00:00:00",
      "quarter_label": "2021-06 (Q2)",
      "revenue": 71321000000,
      "gross_profit": 63661000000,
      "operating_income": 5978000000,
      "net_income": 4266000000,
      "opex": 65343000000,
      "cogs": 7660000000,
      "rd": null,
      "sga": 10359000000,
      "fcf": 4978000000,
      "ocf": 5540000000,
      "capex": -562000000,
      "gross_margin": 0.8925982529689712,
      "op_margin": 0.08381823025476368,
      "fcf_margin": 0.06979711445436827,
      "op_leverage_ratio": 0.5392349157550496,
      "fcf_margin_change": -0.007657441360777895
    },
    {
      "date": "2021-09-30T00:00:00",
      "quarter_label": "2021-09 (Q3)",
      "revenue": 72337000000,
      "gross_profit": 64535000000,
      "operating_income": 5712000000,
      "net_income": 4086000000,
      "opex": 66625000000,
      "cogs": 7802000000,
      "rd": null,
      "sga": 10725000000,
      "fcf": 6951000000,
      "ocf": 7580000000,
      "capex": -629000000,
      "gross_margin": 0.8921437162171503,
      "op_margin": 0.07896373916529577,
      "fcf_margin": 0.09609190317541508,
      "op_leverage_ratio": 0.726084772278596,
      "fcf_margin_change": 0.026294788721046805
    },
    {
      "date": "2021-12-31T00:00:00",
      "quarter_label": "2021-12 (Q4)",
      "revenue": 73743000000,
      "gross_profit": 65743000000,
      "operating_income": 5541000000,
      "net_income": 4071000000,
      "opex": 68202000000,
      "cogs": 8000000000,
      "rd": null,
      "sga": 11272000000,
      "fcf": 2523000000,
      "ocf": 3218000000,
      "capex": -695000000,
      "gross_margin": 0.8915151268594985,
      "op_margin": 0.07513933525893983,
      "fcf_margin": 0.03421341686668565,
      "incr_op_margin_yoy": 0.24456259062348962,
      "rev_growth_yoy": 0.12641483495501551,
      "op_leverage_ratio": 0.8211648590574472,
      "fcf_margin_change": -0.06187848630872943
    },
    {
      "date": "2022-03-31T00:00:00",
      "quarter_label": "2022-03 (Q1)",
      "revenue": 80149000000,
      "gross_profit": 71662000000,
      "operating_income": 6950000000,
      "net_income": 5027000000,
      "opex": 73199000000,
      "cogs": 8487000000,
      "rd": null,
      "sga": 11401000000,
      "fcf": 4764000000,
      "ocf": 5319000000,
      "capex": -555000000,
      "gross_margin": 0.8941097206452981,
      "op_margin": 0.08671349611348862,
      "fcf_margin": 0.059439294314339544,
      "incr_op_margin_yoy": 0.021199638300010048,
      "rev_growth_yoy": 0.14178870590916862,
      "rev_growth_yoy_accel": 0.015373870954153102,
      "op_leverage_ratio": 1.185642869387879,
      "fcf_margin_change": 0.025225877447653894
    },
    {
      "date": "2022-06-30T00:00:00",
      "quarter_label": "2022-06 (Q2)",
      "revenue": 80332000000,
      "gross_profit": 71736000000,
      "operating_income": 7132000000,
      "net_income": 5070000000,
      "opex": 73200000000,
      "cogs": 8596000000,
      "rd": null,
      "sga": 11709000000,
      "fcf": 6214000000,
      "ocf": 6871000000,
      "capex": -657000000,
      "gross_margin": 0.8929940745904497,
      "op_margin": 0.08878155654035752,
      "fcf_margin": 0.0773539809789374,
      "incr_op_margin_yoy": 0.12806569748085672,
      "rev_growth_yoy": 0.1263442744773629,
      "rev_growth_yoy_accel": -0.01544443143180571,
      "fcf_margin_change": 0.017914686664597862
    },
    {
      "date": "2022-09-30T00:00:00",
      "quarter_label": "2022-09 (Q3)",
      "revenue": 80894000000,
      "gross_profit": 72588000000,
      "operating_income": 7462000000,
      "net_income": 5262000000,
      "opex": 73432000000,
      "cogs": 8306000000,
      "rd": null,
      "sga": 11663000000,
      "fcf": 17825000000,
      "ocf": 18549000000,
      "capex": -724000000,
      "gross_margin": 0.8973224219348778,
      "op_margin": 0.09224417138477514,
      "fcf_margin": 0.22035008776917941,
      "incr_op_margin_yoy": 0.20451092672665655,
      "rev_growth_yoy": 0.11829354272364073,
      "rev_growth_yoy_accel": -0.008050731753722173,
      "fcf_margin_change": 0.142996106790242
    },
    {
      "date": "2022-12-31T00:00:00",
      "quarter_label": "2022-12 (Q4)",
      "revenue": 82787000000,
      "gross_profit": 74473000000,
      "operating_income": 6891000000,
      "net_income": 4761000000,
      "opex": 75896000000,
      "cogs": 8314000000,
      "rd": null,
      "sga": 13009000000,
      "fcf": -5399000000,
      "ocf": -4533000000,
      "capex": -866000000,
      "gross_margin": 0.8995736045514392,
      "op_margin": 0.08323770640317925,
      "fcf_margin": -0.06521555316655997,
      "incr_op_margin_yoy": 0.14927023440955328,
      "rev_growth_yoy": 0.12264214908533691,
      "rev_growth_yoy_accel": 0.004348606361696178,
      "op_leverage_ratio": 0.6973952043703818,
      "fcf_margin_change": -0.2855656409357394
    },
    {
      "date": "2023-03-31T00:00:00",
      "quarter_label": "2023-03 (Q1)",
      "revenue": 91931000000,
      "gross_profit": 82526000000,
      "operating_income": 8086000000,
      "net_income": 5611000000,
      "opex": 83845000000,
      "cogs": 9405000000,
      "rd": null,
      "sga": 13625000000,
      "fcf": 15567000000,
      "ocf": 16327000000,
      "capex": -760000000,
      "gross_margin": 0.897695010388226,
      "op_margin": 0.08795727230205262,
      "fcf_margin": 0.16933352188054085,
      "incr_op_margin_yoy": 0.09641826515022917,
      "rev_growth_yoy": 0.14700121024591697,
      "rev_growth_yoy_accel": 0.024359061160580064,
      "op_leverage_ratio": 1.054582263511049,
      "fcf_margin_change": 0.23454907504710082
    },
    {
      "date": "2023-06-30T00:00:00",
      "quarter_label": "2023-06 (Q2)",
      "revenue": 92903000000,
      "gross_profit": 83155000000,
      "operating_income": 8057000000,
      "net_income": 5474000000,
      "opex": 84846000000,
      "cogs": 9748000000,
      "rd": null,
      "sga": 13809000000,
      "fcf": 10203000000,
      "ocf": 11032000000,
      "capex": -829000000,
      "gross_margin": 0.8950733560810739,
      "op_margin": 0.08672486356737673,
      "fcf_margin": 0.10982422526721419,
      "incr_op_margin_yoy": 0.07358205393365683,
      "rev_growth_yoy": 0.1564880744908629,
      "rev_growth_yoy_accel": 0.009486864244945936,
      "op_leverage_ratio": 0.8856199114109939,
      "fcf_margin_change": -0.05950929661332666
    },
    {
      "date": "2023-09-30T00:00:00",
      "quarter_label": "2023-09 (Q3)",
      "revenue": 92361000000,
      "gross_profit": 82938000000,
      "operating_income": 8526000000,
      "net_income": 5841000000,
      "opex": 83835000000,
      "cogs": 9423000000,
      "rd": null,
      "sga": 13855000000,
      "fcf": 6064000000,
      "ocf": 6902000000,
      "capex": -838000000,
      "gross_margin": 0.897976418618248,
      "op_margin": 0.09231168999902556,
      "fcf_margin": 0.06565541732982536,
      "incr_op_margin_yoy": 0.09278800034882707,
      "rev_growth_yoy": 0.14175340569139863,
      "rev_growth_yoy_accel": -0.014734668799464279,
      "fcf_margin_change": -0.04416880793738884
    },
    {
      "date": "2023-12-31T00:00:00",
      "quarter_label": "2023-12 (Q4)",
      "revenue": 94427000000,
      "gross_profit": 84233000000,
      "operating_income": 7689000000,
      "net_income": 5455000000,
      "opex": 86738000000,
      "cogs": 10194000000,
      "rd": null,
      "sga": 13339000000,
      "fcf": -6152000000,
      "ocf": -5193000000,
      "capex": -959000000,
      "gross_margin": 0.8920435892276574,
      "op_margin": 0.08142798140362396,
      "fcf_margin": -0.06515085727599097,
      "incr_op_margin_yoy": 0.06855670103092784,
      "rev_growth_yoy": 0.14060178530445602,
      "rev_growth_yoy_accel": -0.001151620386942609,
      "op_leverage_ratio": 0.6459814152469904,
      "fcf_margin_change": -0.13080627460581634
    },
    {
      "date": "2024-03-31T00:00:00",
      "quarter_label": "2024-03 (Q1)",
      "revenue": 99796000000,
      "gross_profit": 88740000000,
      "operating_income": 7931000000,
      "net_income": -1409000000,
      "opex": 91865000000,
      "cogs": 11056000000,
      "rd": null,
      "sga": 14077000000,
      "fcf": 401000000,
      "ocf": 1144000000,
      "capex": -743000000,
      "gross_margin": 0.8892139965529681,
      "op_margin": 0.07947212313118762,
      "fcf_margin": 0.004018197122129144,
      "incr_op_margin_yoy": -0.019707565162110616,
      "rev_growth_yoy": 0.08555329540633737,
      "rev_growth_yoy_accel": -0.055048489898118655,
      "op_leverage_ratio": 0.9619296211905487,
      "fcf_margin_change": 0.06916905439812011
    },
    {
      "date": "2024-06-30T00:00:00",
      "quarter_label": "2024-06 (Q2)",
      "revenue": 98855000000,
      "gross_profit": 87515000000,
      "operating_income": 7875000000,
      "net_income": 4216000000,
      "opex": 90980000000,
      "cogs": 11340000000,
      "rd": null,
      "sga": 13162000000,
      "fcf": 5893000000,
      "ocf": 6746000000,
      "capex": -853000000,
      "gross_margin": 0.8852865307774013,
      "op_margin": 0.07966213140458248,
      "fcf_margin": 0.059612563856152954,
      "incr_op_margin_yoy": -0.030577956989247312,
      "rev_growth_yoy": 0.06406682238463773,
      "rev_growth_yoy_accel": -0.021486473021699634,
      "fcf_margin_change": 0.05559436673402381
    },
    {
      "date": "2024-09-30T00:00:00",
      "quarter_label": "2024-09 (Q3)",
      "revenue": 100820000000,
      "gross_profit": 88986000000,
      "operating_income": 8708000000,
      "net_income": 6055000000,
      "opex": 92112000000,
      "cogs": 11834000000,
      "rd": null,
      "sga": 13280000000,
      "fcf": 12954000000,
      "ocf": 13945000000,
      "capex": -991000000,
      "gross_margin": 0.8826224955365999,
      "op_margin": 0.08637175163658005,
      "fcf_margin": 0.1284864114263043,
      "incr_op_margin_yoy": 0.021515545572762737,
      "rev_growth_yoy": 0.09158627559251199,
      "rev_growth_yoy_accel": 0.02751945320787426,
      "op_leverage_ratio": 1.5975829609452257,
      "fcf_margin_change": 0.06887384757015133
    },
    {
      "date": "2024-12-31T00:00:00",
      "quarter_label": "2024-12 (Q4)",
      "revenue": 100807000000,
      "gross_profit": 88343000000,
      "operating_income": 7773000000,
      "net_income": 5543000000,
      "opex": 93034000000,
      "cogs": 12464000000,
      "rd": null,
      "sga": 12494000000,
      "fcf": 1457000000,
      "ocf": 2369000000,
      "capex": -912000000,
      "gross_margin": 0.8763577926136081,
      "op_margin": 0.0771077405338915,
      "fcf_margin": 0.014453361373714127,
      "incr_op_margin_yoy": 0.013166144200626959,
      "rev_growth_yoy": 0.0675654209071558,
      "rev_growth_yoy_accel": -0.024020854685356197,
      "fcf_margin_change": -0.11403305005259017
    },
    {
      "date": "2025-03-31T00:00:00",
      "quarter_label": "2025-03 (Q1)",
      "revenue": 109575000000,
      "gross_profit": 97185000000,
      "operating_income": 9119000000,
      "net_income": 6292000000,
      "opex": 100456000000,
      "cogs": 12390000000,
      "rd": null,
      "sga": 13594000000,
      "fcf": 4558000000,
      "ocf": 5456000000,
      "capex": -898000000,
      "gross_margin": 0.8869267624914442,
      "op_margin": 0.08322153775952544,
      "fcf_margin": 0.04159707962582706,
      "incr_op_margin_yoy": 0.12148481439820022,
      "rev_growth_yoy": 0.09798989939476532,
      "rev_growth_yoy_accel": 0.030424478487609527,
      "op_leverage_ratio": 1.0902612949338237,
      "fcf_margin_change": 0.027143718252112932
    },
    {
      "date": "2025-06-30T00:00:00",
      "quarter_label": "2025-06 (Q2)",
      "revenue": 111616000000,
      "gross_profit": 98597000000,
      "operating_income": 5150000000,
      "net_income": 3406000000,
      "opex": 106466000000,
      "cogs": 13019000000,
      "rd": null,
      "sga": 13778000000,
      "fcf": 6302000000,
      "ocf": 7188000000,
      "capex": -886000000,
      "gross_margin": 0.8833590166284404,
      "op_margin": 0.04614033830275229,
      "fcf_margin": 0.056461439220183485,
      "incr_op_margin_yoy": -0.2135412585220594,
      "rev_growth_yoy": 0.12908805826715897,
      "rev_growth_yoy_accel": 0.031098158872393644,
      "op_leverage_ratio": 0.3113385759455588,
      "fcf_margin_change": 0.014864359594356426
    },
    {
      "date": "2025-09-30T00:00:00",
      "quarter_label": "2025-09 (Q3)",
      "revenue": 113161000000,
      "gross_profit": 100595000000,
      "operating_income": 4315000000,
      "net_income": 2348000000,
      "opex": 108846000000,
      "cogs": 12566000000,
      "rd": null,
      "sga": 15223000000,
      "fcf": 5055000000,
      "ocf": 5945000000,
      "capex": -890000000,
      "gross_margin": 0.8889546751972853,
      "op_margin": 0.03813151173991039,
      "fcf_margin": 0.04467086717155204,
      "incr_op_margin_yoy": -0.35596791183858684,
      "rev_growth_yoy": 0.12240626859750049,
      "rev_growth_yoy_accel": -0.006681789669658475,
      "op_leverage_ratio": 0.6192072173622889,
      "fcf_margin_change": -0.011790572048631445
    }
  ],
  "signals": [
    {
      "quarter": "2024-09 (Q3)",
      "signal": "FCF MARGIN EXPANSION",
      "detail": "FCF margin: +6.0% -> +12.8% (+6.9%)",
      "severity": "MEDIUM"
    },
    {
      "quarter": "2024-09 (Q3)",
      "signal": "OPERATING LEVERAGE",
      "detail": "Rev growth +2.0% vs OpEx growth +1.2% (leverage: 1.6x)",
      "severity": "MEDIUM"
    },
    {
      "quarter": "2024-06 (Q2)",
      "signal": "FCF MARGIN EXPANSION",
      "detail": "FCF margin: +0.4% -> +6.0% (+5.6%)",
      "severity": "MEDIUM"
    },
    {
      "quarter": "2024-03 (Q1)",
      "signal": "FCF TURNED POSITIVE",
      "detail": "FCF margin: -6.5% -> +0.4%",
      "severity": "HIGH"
    },
    {
      "quarter": "2024-03 (Q1)",
      "signal": "YoY REVENUE GROWTH DECELERATION",
      "detail": "YoY growth: +8.6% vs prior quarter YoY: +14.1% (decel: -5.5%)",
      "severity": "WARNING"
    },
    {
      "quarter": "2023-03 (Q1)",
      "signal": "FCF TURNED POSITIVE",
      "detail": "FCF margin: -6.5% -> +16.9%",
      "severity": "HIGH"
    },
    {
      "quarter": "2022-09 (Q3)",
      "signal": "FCF MARGIN EXPANSION",
      "detail": "FCF margin: +7.7% -> +22.0% (+14.3%)",
      "severity": "MEDIUM"
    },
    {
      "quarter": "2022-09 (Q3)",
      "signal": "INCREMENTAL MARGIN (YoY)",
      "detail": "YoY Incr OPM: +20.5% vs year-ago OPM: +7.9%",
      "severity": "MEDIUM"
    },
    {
      "quarter": "2021-12 (Q4)",
      "signal": "INCREMENTAL MARGIN (YoY)",
      "detail": "YoY Incr OPM: +24.5% vs year-ago OPM: +5.4%",
      "severity": "MEDIUM"
    },
    {
      "quarter": "2021-03 (Q1)",
      "signal": "OPERATING LEVERAGE",
      "detail": "Rev growth +7.2% vs OpEx growth +2.4% (leverage: 3.0x)",
      "severity": "MEDIUM"
    }
  ],
  "data_quality": {
    "n_quarters": 20,
    "coverage": {
      "revenue": [
        20,
        20
      ],
      "gross_profit": [
        20,
        20
      ],
      "op_income": [
        20,
        20
      ],
      "fcf": [
        20,
        20
      ]
    },
    "gaps": [],
    "warnings": []
  },
  "market_cap": null,
  "source": "SEC EDGAR",
  "last_updated": "2026-02-02T19:46:08.771562",
  "sector": "Healthcare",
  "industry": "Healthcare Plans"
}