{
  "ticker": "UNM",
  "name": "Unum Group",
  "sector": "Financial Services",
  "industry": "Insurance - Life",
  "quarters": [
    {
      "date": "2021-03-31T00:00:00",
      "quarter_label": "2021-03 (Q1)",
      "revenue": 3072000000,
      "gross_profit": null,
      "operating_income": null,
      "net_income": 153000000,
      "opex": null,
      "cogs": null,
      "rd": null,
      "sga": null,
      "fcf": -224700000,
      "ocf": -193800000,
      "capex": -30900000,
      "gross_margin": null,
      "op_margin": null,
      "fcf_margin": -0.07314453125
    },
    {
      "date": "2021-06-30T00:00:00",
      "quarter_label": "2021-06 (Q2)",
      "revenue": 2993000000,
      "gross_profit": null,
      "operating_income": null,
      "net_income": 182900000,
      "opex": null,
      "cogs": null,
      "rd": null,
      "sga": null,
      "fcf": 649300000,
      "ocf": 676000000,
      "capex": -26700000,
      "gross_margin": null,
      "op_margin": null,
      "fcf_margin": 0.21693952555963916,
      "fcf_margin_change": 0.29008405680963917
    },
    {
      "date": "2021-09-30T00:00:00",
      "quarter_label": "2021-09 (Q3)",
      "revenue": 2969700000,
      "gross_profit": null,
      "operating_income": null,
      "net_income": 328600000,
      "opex": null,
      "cogs": null,
      "rd": null,
      "sga": null,
      "fcf": 400400000,
      "ocf": 425200000,
      "capex": -24800000,
      "gross_margin": null,
      "op_margin": null,
      "fcf_margin": 0.13482843384853688,
      "fcf_margin_change": -0.08211109171110229
    },
    {
      "date": "2021-12-31T00:00:00",
      "quarter_label": "2021-12 (Q4)",
      "revenue": 2979100000,
      "gross_profit": null,
      "operating_income": null,
      "net_income": 159700000,
      "opex": null,
      "cogs": null,
      "rd": null,
      "sga": null,
      "fcf": 452200000,
      "ocf": 480100000,
      "capex": -27900000,
      "gross_margin": null,
      "op_margin": null,
      "fcf_margin": 0.1517908093048236,
      "fcf_margin_change": 0.016962375456286732
    },
    {
      "date": "2022-03-31T00:00:00",
      "quarter_label": "2022-03 (Q1)",
      "revenue": 2982500000,
      "gross_profit": null,
      "operating_income": null,
      "net_income": 253500000,
      "opex": null,
      "cogs": null,
      "rd": null,
      "sga": null,
      "fcf": 304000000,
      "ocf": 325800000,
      "capex": -21800000,
      "gross_margin": null,
      "op_margin": null,
      "fcf_margin": 0.1019279128248114,
      "rev_growth_yoy": -0.029134114583333332,
      "fcf_margin_change": -0.049862896480012214
    },
    {
      "date": "2022-06-30T00:00:00",
      "quarter_label": "2022-06 (Q2)",
      "revenue": 3040900000,
      "gross_profit": null,
      "operating_income": null,
      "net_income": 370400000,
      "opex": null,
      "cogs": null,
      "rd": null,
      "sga": null,
      "fcf": 436200000,
      "ocf": 458800000,
      "capex": -22600000,
      "gross_margin": null,
      "op_margin": null,
      "fcf_margin": 0.14344437502055313,
      "rev_growth_yoy": 0.016004009355162045,
      "rev_growth_yoy_accel": 0.04513812393849538,
      "fcf_margin_change": 0.04151646219574173
    },
    {
      "date": "2022-09-30T00:00:00",
      "quarter_label": "2022-09 (Q3)",
      "revenue": 2961900000,
      "gross_profit": null,
      "operating_income": null,
      "net_income": 410700000,
      "opex": null,
      "cogs": null,
      "rd": null,
      "sga": null,
      "fcf": 250800000,
      "ocf": 277200000,
      "capex": -26400000,
      "gross_margin": null,
      "op_margin": null,
      "fcf_margin": 0.08467537729160336,
      "rev_growth_yoy": -0.002626527932114355,
      "rev_growth_yoy_accel": -0.0186305372872764,
      "fcf_margin_change": -0.058768997728949765
    },
    {
      "date": "2022-12-31T00:00:00",
      "quarter_label": "2022-12 (Q4)",
      "revenue": 3005700000,
      "gross_profit": null,
      "operating_income": null,
      "net_income": 279600000,
      "opex": null,
      "cogs": null,
      "rd": null,
      "sga": null,
      "fcf": 325500000,
      "ocf": 356900000,
      "capex": -31400000,
      "gross_margin": null,
      "op_margin": null,
      "fcf_margin": 0.1082942409422098,
      "rev_growth_yoy": 0.00892887113557786,
      "rev_growth_yoy_accel": 0.011555399067692214,
      "fcf_margin_change": 0.023618863650606434
    },
    {
      "date": "2023-03-31T00:00:00",
      "quarter_label": "2023-03 (Q1)",
      "revenue": 3036100000,
      "gross_profit": null,
      "operating_income": null,
      "net_income": 358300000,
      "opex": null,
      "cogs": null,
      "rd": null,
      "sga": null,
      "fcf": 121500000,
      "ocf": 150600000,
      "capex": -29100000,
      "gross_margin": null,
      "op_margin": null,
      "fcf_margin": 0.040018444715259706,
      "rev_growth_yoy": 0.017971500419111483,
      "rev_growth_yoy_accel": 0.009042629283533624,
      "fcf_margin_change": -0.0682757962269501
    },
    {
      "date": "2023-06-30T00:00:00",
      "quarter_label": "2023-06 (Q2)",
      "revenue": 3112200000,
      "gross_profit": null,
      "operating_income": null,
      "net_income": 392900000,
      "opex": null,
      "cogs": null,
      "rd": null,
      "sga": null,
      "fcf": 286400000,
      "ocf": 313600000,
      "capex": -27200000,
      "gross_margin": null,
      "op_margin": null,
      "fcf_margin": 0.09202493413019729,
      "rev_growth_yoy": 0.023447005820645204,
      "rev_growth_yoy_accel": 0.0054755054015337215,
      "fcf_margin_change": 0.05200648941493758
    },
    {
      "date": "2023-09-30T00:00:00",
      "quarter_label": "2023-09 (Q3)",
      "revenue": 3092500000,
      "gross_profit": null,
      "operating_income": 490200000,
      "net_income": 202000000,
      "opex": null,
      "cogs": null,
      "rd": null,
      "sga": null,
      "fcf": 362300000,
      "ocf": 395100000,
      "capex": -32800000,
      "gross_margin": null,
      "op_margin": 0.1585125303152789,
      "fcf_margin": 0.11715440582053355,
      "rev_growth_yoy": 0.04409331847800398,
      "rev_growth_yoy_accel": 0.02064631265735878,
      "fcf_margin_change": 0.02512947169033626
    },
    {
      "date": "2023-12-31T00:00:00",
      "quarter_label": "2023-12 (Q4)",
      "revenue": 3145100000,
      "gross_profit": null,
      "operating_income": null,
      "net_income": 330600000,
      "opex": null,
      "cogs": null,
      "rd": null,
      "sga": null,
      "fcf": 297800000,
      "ocf": 343500000,
      "capex": -45700000,
      "gross_margin": null,
      "op_margin": null,
      "fcf_margin": 0.0946869733871737,
      "rev_growth_yoy": 0.04637854742655621,
      "rev_growth_yoy_accel": 0.00228522894855223,
      "fcf_margin_change": -0.022467432433359844
    },
    {
      "date": "2024-03-31T00:00:00",
      "quarter_label": "2024-03 (Q1)",
      "revenue": 3200300000,
      "gross_profit": null,
      "operating_income": null,
      "net_income": 395200000,
      "opex": null,
      "cogs": null,
      "rd": null,
      "sga": null,
      "fcf": 270000000,
      "ocf": 298300000,
      "capex": -28300000,
      "gross_margin": null,
      "op_margin": null,
      "fcf_margin": 0.08436709058525763,
      "rev_growth_yoy": 0.054082540100787196,
      "rev_growth_yoy_accel": 0.007703992674230983,
      "fcf_margin_change": -0.010319882801916078
    },
    {
      "date": "2024-06-30T00:00:00",
      "quarter_label": "2024-06 (Q2)",
      "revenue": 3233400000,
      "gross_profit": null,
      "operating_income": null,
      "net_income": 389500000,
      "opex": null,
      "cogs": null,
      "rd": null,
      "sga": null,
      "fcf": 311400000,
      "ocf": 339100000,
      "capex": -27700000,
      "gross_margin": null,
      "op_margin": null,
      "fcf_margin": 0.09630729263314158,
      "rev_growth_yoy": 0.03894351262772315,
      "rev_growth_yoy_accel": -0.015139027473064046,
      "fcf_margin_change": 0.011940202047883958
    },
    {
      "date": "2024-09-30T00:00:00",
      "quarter_label": "2024-09 (Q3)",
      "revenue": 3217000000,
      "gross_profit": null,
      "operating_income": 501800000,
      "net_income": 645700000,
      "opex": null,
      "cogs": null,
      "rd": null,
      "sga": null,
      "fcf": 352300000,
      "ocf": 390000000,
      "capex": -37700000,
      "gross_margin": null,
      "op_margin": 0.15598383587193038,
      "fcf_margin": 0.10951196767174386,
      "incr_op_margin_yoy": 0.09317269076305221,
      "rev_growth_yoy": 0.040258690379951494,
      "rev_growth_yoy_accel": 0.0013151777522283428,
      "fcf_margin_change": 0.013204675038602273
    },
    {
      "date": "2024-12-31T00:00:00",
      "quarter_label": "2024-12 (Q4)",
      "revenue": 3236600000,
      "gross_profit": null,
      "operating_income": null,
      "net_income": 348700000,
      "opex": null,
      "cogs": null,
      "rd": null,
      "sga": null,
      "fcf": 453800000,
      "ocf": 485800000,
      "capex": -32000000,
      "gross_margin": null,
      "op_margin": null,
      "fcf_margin": 0.14020886115059011,
      "rev_growth_yoy": 0.02909287463037741,
      "rev_growth_yoy_accel": -0.011165815749574082,
      "fcf_margin_change": 0.030696893478846257
    },
    {
      "date": "2025-03-31T00:00:00",
      "quarter_label": "2025-03 (Q1)",
      "revenue": 3091600000,
      "gross_profit": null,
      "operating_income": null,
      "net_income": 189100000,
      "opex": null,
      "cogs": null,
      "rd": null,
      "sga": null,
      "fcf": 317800000,
      "ocf": 353600000,
      "capex": -35800000,
      "gross_margin": null,
      "op_margin": null,
      "fcf_margin": 0.102794669426834,
      "rev_growth_yoy": -0.03396556572821298,
      "rev_growth_yoy_accel": -0.06305844035859039,
      "fcf_margin_change": -0.03741419172375611
    },
    {
      "date": "2025-06-30T00:00:00",
      "quarter_label": "2025-06 (Q2)",
      "revenue": 3361400000,
      "gross_profit": null,
      "operating_income": null,
      "net_income": 335600000,
      "opex": null,
      "cogs": null,
      "rd": null,
      "sga": null,
      "fcf": 320100000,
      "ocf": 348000000,
      "capex": -27900000,
      "gross_margin": null,
      "op_margin": null,
      "fcf_margin": 0.09522817873505088,
      "rev_growth_yoy": 0.03958681264303829,
      "rev_growth_yoy_accel": 0.07355237837125127,
      "fcf_margin_change": -0.007566490691783126
    },
    {
      "date": "2025-09-30T00:00:00",
      "quarter_label": "2025-09 (Q3)",
      "revenue": 3378400000,
      "gross_profit": null,
      "operating_income": null,
      "net_income": 39700000,
      "opex": null,
      "cogs": null,
      "rd": null,
      "sga": null,
      "fcf": -402600000,
      "ocf": -371800000,
      "capex": -30800000,
      "gross_margin": null,
      "op_margin": null,
      "fcf_margin": -0.11916883731944115,
      "rev_growth_yoy": 0.05017096673919801,
      "rev_growth_yoy_accel": 0.010584154096159724,
      "fcf_margin_change": -0.21439701605449202
    },
    {
      "date": "2025-12-31T00:00:00",
      "quarter_label": "2025-12 (Q4)",
      "revenue": 3244100000,
      "gross_profit": null,
      "operating_income": null,
      "net_income": 174100000,
      "opex": null,
      "cogs": null,
      "rd": null,
      "sga": null,
      "fcf": 320100000,
      "ocf": 357900000,
      "capex": -37800000,
      "gross_margin": null,
      "op_margin": null,
      "fcf_margin": 0.09867143429610678,
      "rev_growth_yoy": 0.0023172464932336404,
      "rev_growth_yoy_accel": -0.04785372024596437,
      "fcf_margin_change": 0.21784027161554792
    }
  ],
  "signals": [
    {
      "quarter": "2025-12 (Q4)",
      "signal": "FCF TURNED POSITIVE",
      "detail": "FCF margin: -11.9% -> +9.9%",
      "severity": "HIGH"
    },
    {
      "quarter": "2025-06 (Q2)",
      "signal": "YoY REVENUE GROWTH ACCELERATION",
      "detail": "YoY growth: +4.0% vs prior quarter YoY: -3.4% (accel: +7.4%)",
      "severity": "MEDIUM"
    },
    {
      "quarter": "2025-03 (Q1)",
      "signal": "YoY REVENUE GROWTH DECELERATION",
      "detail": "YoY growth: -3.4% vs prior quarter YoY: +2.9% (decel: -6.3%)",
      "severity": "WARNING"
    },
    {
      "quarter": "2023-06 (Q2)",
      "signal": "FCF MARGIN EXPANSION",
      "detail": "FCF margin: +4.0% -> +9.2% (+5.2%)",
      "severity": "MEDIUM"
    },
    {
      "quarter": "2021-06 (Q2)",
      "signal": "FCF TURNED POSITIVE",
      "detail": "FCF margin: -7.3% -> +21.7%",
      "severity": "HIGH"
    }
  ],
  "data_quality": {
    "n_quarters": 20,
    "coverage": {
      "revenue": [
        20,
        20
      ],
      "gross_profit": [
        0,
        20
      ],
      "op_income": [
        2,
        20
      ],
      "fcf": [
        20,
        20
      ]
    },
    "gaps": [],
    "warnings": [
      "gross_profit: no data",
      "op_income: 2/20Q"
    ]
  },
  "market_cap": null,
  "source": "SEC EDGAR",
  "last_updated": "2026-02-24T10:35:14.570780"
}