{
  "ticker": "UNP",
  "name": "UNION PACIFIC CORP",
  "sector": "Industrials",
  "industry": "Railroads",
  "quarters": [
    {
      "date": "2021-03-31T00:00:00",
      "quarter_label": "2021-03 (Q1)",
      "revenue": 5001000000,
      "gross_profit": null,
      "operating_income": 1993000000,
      "net_income": 1341000000,
      "opex": 3008000000,
      "cogs": null,
      "rd": null,
      "sga": null,
      "fcf": 1422000000,
      "ocf": 1958000000,
      "capex": -536000000,
      "gross_margin": null,
      "op_margin": 0.39852029594081184,
      "fcf_margin": 0.28434313137372524
    },
    {
      "date": "2021-06-30T00:00:00",
      "quarter_label": "2021-06 (Q2)",
      "revenue": 5504000000,
      "gross_profit": null,
      "operating_income": 2473000000,
      "net_income": 1798000000,
      "opex": 3031000000,
      "cogs": null,
      "rd": null,
      "sga": null,
      "fcf": 1607000000,
      "ocf": 2261000000,
      "capex": -654000000,
      "gross_margin": null,
      "op_margin": 0.4493095930232558,
      "fcf_margin": 0.29196947674418605,
      "op_leverage_ratio": 13.154099614859637,
      "fcf_margin_change": 0.0076263453704608075
    },
    {
      "date": "2021-09-30T00:00:00",
      "quarter_label": "2021-09 (Q3)",
      "revenue": 5566000000,
      "gross_profit": null,
      "operating_income": 2432000000,
      "net_income": 1673000000,
      "opex": 3134000000,
      "cogs": null,
      "rd": null,
      "sga": null,
      "fcf": 1529000000,
      "ocf": 2284000000,
      "capex": -755000000,
      "gross_margin": null,
      "op_margin": 0.4369385555156306,
      "fcf_margin": 0.274703557312253,
      "op_leverage_ratio": 0.33148354594716634,
      "fcf_margin_change": -0.017265919431933063
    },
    {
      "date": "2021-12-31T00:00:00",
      "quarter_label": "2021-12 (Q4)",
      "revenue": 5733000000,
      "gross_profit": null,
      "operating_income": 2440000000,
      "net_income": 1711000000,
      "opex": 3293000000,
      "cogs": null,
      "rd": null,
      "sga": null,
      "fcf": 1538000000,
      "ocf": 2529000000,
      "capex": -991000000,
      "gross_margin": null,
      "op_margin": 0.4256061398918542,
      "fcf_margin": 0.26827141112855396,
      "op_leverage_ratio": 0.59139158005591,
      "fcf_margin_change": -0.006432146183699028
    },
    {
      "date": "2022-03-31T00:00:00",
      "quarter_label": "2022-03 (Q1)",
      "revenue": 5860000000,
      "gross_profit": null,
      "operating_income": 2377000000,
      "net_income": 1630000000,
      "opex": 3483000000,
      "cogs": null,
      "rd": null,
      "sga": null,
      "fcf": 1388000000,
      "ocf": 2236000000,
      "capex": -848000000,
      "gross_margin": null,
      "op_margin": 0.40563139931740616,
      "fcf_margin": 0.23686006825938566,
      "incr_op_margin_yoy": 0.4470314318975553,
      "rev_growth_yoy": 0.17176564687062587,
      "op_leverage_ratio": 0.3839369485986027,
      "fcf_margin_change": -0.0314113428691683
    },
    {
      "date": "2022-06-30T00:00:00",
      "quarter_label": "2022-06 (Q2)",
      "revenue": 6269000000,
      "gross_profit": null,
      "operating_income": 2495000000,
      "net_income": 1835000000,
      "opex": 3774000000,
      "cogs": null,
      "rd": null,
      "sga": null,
      "fcf": 1134000000,
      "ocf": 1931000000,
      "capex": -797000000,
      "gross_margin": null,
      "op_margin": 0.3979901100654012,
      "fcf_margin": 0.18089009411389376,
      "incr_op_margin_yoy": 0.02875816993464052,
      "rev_growth_yoy": 0.13898982558139536,
      "rev_growth_yoy_accel": -0.03277582128923051,
      "op_leverage_ratio": 0.8353840470074945,
      "fcf_margin_change": -0.0559699741454919
    },
    {
      "date": "2022-09-30T00:00:00",
      "quarter_label": "2022-09 (Q3)",
      "revenue": 6566000000,
      "gross_profit": null,
      "operating_income": 2633000000,
      "net_income": 1895000000,
      "opex": 3933000000,
      "cogs": null,
      "rd": null,
      "sga": null,
      "fcf": 1858000000,
      "ocf": 2903000000,
      "capex": -1045000000,
      "gross_margin": null,
      "op_margin": 0.40100517819067927,
      "fcf_margin": 0.2829728906487968,
      "incr_op_margin_yoy": 0.201,
      "rev_growth_yoy": 0.17966223499820339,
      "rev_growth_yoy_accel": 0.040672409416808025,
      "op_leverage_ratio": 1.1245090396891564,
      "fcf_margin_change": 0.10208279653490307
    },
    {
      "date": "2022-12-31T00:00:00",
      "quarter_label": "2022-12 (Q4)",
      "revenue": 6180000000,
      "gross_profit": null,
      "operating_income": 2412000000,
      "net_income": 1638000000,
      "opex": 3768000000,
      "cogs": null,
      "rd": null,
      "sga": null,
      "fcf": 1362000000,
      "ocf": 2292000000,
      "capex": -930000000,
      "gross_margin": null,
      "op_margin": 0.39029126213592236,
      "fcf_margin": 0.2203883495145631,
      "incr_op_margin_yoy": -0.06263982102908278,
      "rev_growth_yoy": 0.07796964939822083,
      "rev_growth_yoy_accel": -0.10169258559998255,
      "fcf_margin_change": -0.06258454113423373
    },
    {
      "date": "2023-03-31T00:00:00",
      "quarter_label": "2023-03 (Q1)",
      "revenue": 6056000000,
      "gross_profit": null,
      "operating_income": 2294000000,
      "net_income": 1630000000,
      "opex": 3762000000,
      "cogs": null,
      "rd": null,
      "sga": null,
      "fcf": 1068000000,
      "ocf": 1840000000,
      "capex": -772000000,
      "gross_margin": null,
      "op_margin": 0.3787978863936592,
      "fcf_margin": 0.1763540290620872,
      "incr_op_margin_yoy": -0.42346938775510207,
      "rev_growth_yoy": 0.033447098976109216,
      "rev_growth_yoy_accel": -0.04452255042211162,
      "fcf_margin_change": -0.044034320452475906
    },
    {
      "date": "2023-06-30T00:00:00",
      "quarter_label": "2023-06 (Q2)",
      "revenue": 5963000000,
      "gross_profit": null,
      "operating_income": 2204000000,
      "net_income": 1569000000,
      "opex": 3759000000,
      "cogs": null,
      "rd": null,
      "sga": null,
      "fcf": 1183000000,
      "ocf": 2018000000,
      "capex": -835000000,
      "gross_margin": null,
      "op_margin": 0.3696126111017944,
      "fcf_margin": 0.19839007211135334,
      "incr_op_margin_yoy": 0.9509803921568627,
      "rev_growth_yoy": -0.048811612697399906,
      "rev_growth_yoy_accel": -0.08225871167350912,
      "fcf_margin_change": 0.022036043049266152
    },
    {
      "date": "2023-09-30T00:00:00",
      "quarter_label": "2023-09 (Q3)",
      "revenue": 5941000000,
      "gross_profit": null,
      "operating_income": 2177000000,
      "net_income": 1528000000,
      "opex": 3764000000,
      "cogs": null,
      "rd": null,
      "sga": null,
      "fcf": 1151000000,
      "ocf": 2126000000,
      "capex": -975000000,
      "gross_margin": null,
      "op_margin": 0.36643662683049993,
      "fcf_margin": 0.19373842787409526,
      "incr_op_margin_yoy": 0.7296,
      "rev_growth_yoy": -0.09518732866280841,
      "rev_growth_yoy_accel": -0.0463757159654085,
      "fcf_margin_change": -0.004651644237258085
    },
    {
      "date": "2023-12-31T00:00:00",
      "quarter_label": "2023-12 (Q4)",
      "revenue": 6159000000,
      "gross_profit": null,
      "operating_income": 2407000000,
      "net_income": 1652000000,
      "opex": 3752000000,
      "cogs": null,
      "rd": null,
      "sga": null,
      "fcf": 1371000000,
      "ocf": 2395000000,
      "capex": -1024000000,
      "gross_margin": null,
      "op_margin": 0.3908101964604644,
      "fcf_margin": 0.22260107160253287,
      "incr_op_margin_yoy": 0.23809523809523808,
      "rev_growth_yoy": -0.0033980582524271844,
      "rev_growth_yoy_accel": 0.09178927041038122,
      "op_leverage_ratio": null,
      "fcf_margin_change": 0.02886264372843761
    },
    {
      "date": "2024-03-31T00:00:00",
      "quarter_label": "2024-03 (Q1)",
      "revenue": 6031000000,
      "gross_profit": null,
      "operating_income": 2372000000,
      "net_income": 1641000000,
      "opex": 3659000000,
      "cogs": null,
      "rd": null,
      "sga": null,
      "fcf": 1325000000,
      "ocf": 2122000000,
      "capex": -797000000,
      "gross_margin": null,
      "op_margin": 0.39330127673685955,
      "fcf_margin": 0.21969822583319515,
      "incr_op_margin_yoy": -3.12,
      "rev_growth_yoy": -0.004128137384412154,
      "rev_growth_yoy_accel": -0.0007300791319849692,
      "fcf_margin_change": -0.0029028457693377197
    },
    {
      "date": "2024-06-30T00:00:00",
      "quarter_label": "2024-06 (Q2)",
      "revenue": 6007000000,
      "gross_profit": null,
      "operating_income": 2400000000,
      "net_income": 1673000000,
      "opex": 3607000000,
      "cogs": null,
      "rd": null,
      "sga": null,
      "fcf": 1009000000,
      "ocf": 1911000000,
      "capex": -902000000,
      "gross_margin": null,
      "op_margin": 0.39953387714333277,
      "fcf_margin": 0.1679707008490095,
      "incr_op_margin_yoy": 4.454545454545454,
      "rev_growth_yoy": 0.007378836156297166,
      "rev_growth_yoy_accel": 0.01150697354070932,
      "fcf_margin_change": -0.05172752498418565
    },
    {
      "date": "2024-09-30T00:00:00",
      "quarter_label": "2024-09 (Q3)",
      "revenue": 6091000000,
      "gross_profit": null,
      "operating_income": 2416000000,
      "net_income": 1671000000,
      "opex": 3675000000,
      "cogs": null,
      "rd": null,
      "sga": null,
      "fcf": 1820000000,
      "ocf": 2651000000,
      "capex": -831000000,
      "gross_margin": null,
      "op_margin": 0.3966507962567723,
      "fcf_margin": 0.2988015104252175,
      "incr_op_margin_yoy": 1.5933333333333333,
      "rev_growth_yoy": 0.02524827470122875,
      "rev_growth_yoy_accel": 0.017869438544931584,
      "op_leverage_ratio": 0.7417522694111772,
      "fcf_margin_change": 0.13083080957620802
    },
    {
      "date": "2024-12-31T00:00:00",
      "quarter_label": "2024-12 (Q4)",
      "revenue": 6121000000,
      "gross_profit": null,
      "operating_income": 2525000000,
      "net_income": 1762000000,
      "opex": 3596000000,
      "cogs": null,
      "rd": null,
      "sga": null,
      "fcf": 1740000000,
      "ocf": 2662000000,
      "capex": -922000000,
      "gross_margin": null,
      "op_margin": 0.41251429504982845,
      "fcf_margin": 0.2842672765887927,
      "incr_op_margin_yoy": -3.1052631578947367,
      "rev_growth_yoy": -0.0061698327650592626,
      "rev_growth_yoy_accel": -0.03141810746628801,
      "fcf_margin_change": -0.014534233836424826
    },
    {
      "date": "2025-03-31T00:00:00",
      "quarter_label": "2025-03 (Q1)",
      "revenue": 6027000000,
      "gross_profit": null,
      "operating_income": 2371000000,
      "net_income": 1626000000,
      "opex": 3656000000,
      "cogs": null,
      "rd": null,
      "sga": null,
      "fcf": 1304000000,
      "ocf": 2210000000,
      "capex": -906000000,
      "gross_margin": null,
      "op_margin": 0.3933963829434213,
      "fcf_margin": 0.21635971461755435,
      "incr_op_margin_yoy": 0.25,
      "rev_growth_yoy": -0.000663239927043608,
      "rev_growth_yoy_accel": 0.0055065928380156545,
      "fcf_margin_change": -0.06790756197123834
    },
    {
      "date": "2025-06-30T00:00:00",
      "quarter_label": "2025-06 (Q2)",
      "revenue": 6154000000,
      "gross_profit": null,
      "operating_income": 2525000000,
      "net_income": 1876000000,
      "opex": 3629000000,
      "cogs": null,
      "rd": null,
      "sga": null,
      "fcf": 1397000000,
      "ocf": 2333000000,
      "capex": -936000000,
      "gross_margin": null,
      "op_margin": 0.4103022424439389,
      "fcf_margin": 0.22700682482937926,
      "incr_op_margin_yoy": 0.8503401360544217,
      "rev_growth_yoy": 0.024471449975029133,
      "rev_growth_yoy_accel": 0.02513468990207274,
      "op_leverage_ratio": null,
      "fcf_margin_change": 0.010647110211824906
    },
    {
      "date": "2025-09-30T00:00:00",
      "quarter_label": "2025-09 (Q3)",
      "revenue": 6244000000,
      "gross_profit": null,
      "operating_income": 2549000000,
      "net_income": 1788000000,
      "opex": 3695000000,
      "cogs": null,
      "rd": null,
      "sga": null,
      "fcf": 1572000000,
      "ocf": 2522000000,
      "capex": -950000000,
      "gross_margin": null,
      "op_margin": 0.4082319026265215,
      "fcf_margin": 0.2517616912235746,
      "incr_op_margin_yoy": 0.869281045751634,
      "rev_growth_yoy": 0.025119028074207846,
      "rev_growth_yoy_accel": 0.0006475780991787132,
      "op_leverage_ratio": 0.8041333057582651,
      "fcf_margin_change": 0.024754866394195357
    },
    {
      "date": "2025-12-31T00:00:00",
      "quarter_label": "2025-12 (Q4)",
      "revenue": 6085000000,
      "gross_profit": null,
      "operating_income": 2401000000,
      "net_income": 1848000000,
      "opex": 3684000000,
      "cogs": null,
      "rd": null,
      "sga": null,
      "fcf": 1226000000,
      "ocf": 2225000000,
      "capex": -999000000,
      "gross_margin": null,
      "op_margin": 0.3945768282662284,
      "fcf_margin": 0.20147904683648316,
      "incr_op_margin_yoy": 3.4444444444444446,
      "rev_growth_yoy": -0.005881391929423297,
      "rev_growth_yoy_accel": -0.031000420003631145,
      "fcf_margin_change": -0.05028264438709146
    }
  ],
  "signals": [
    {
      "quarter": "2025-12 (Q4)",
      "signal": "INCREMENTAL MARGIN (YoY)",
      "detail": "YoY Incr OPM: +344.4% vs year-ago OPM: +41.3%",
      "severity": "HIGH"
    },
    {
      "quarter": "2025-09 (Q3)",
      "signal": "INCREMENTAL MARGIN (YoY)",
      "detail": "YoY Incr OPM: +86.9% vs year-ago OPM: +39.7%",
      "severity": "HIGH"
    },
    {
      "quarter": "2025-06 (Q2)",
      "signal": "INCREMENTAL MARGIN (YoY)",
      "detail": "YoY Incr OPM: +85.0% vs year-ago OPM: +40.0%",
      "severity": "HIGH"
    },
    {
      "quarter": "2024-09 (Q3)",
      "signal": "FCF MARGIN EXPANSION",
      "detail": "FCF margin: +16.8% -> +29.9% (+13.1%)",
      "severity": "MEDIUM"
    },
    {
      "quarter": "2024-09 (Q3)",
      "signal": "INCREMENTAL MARGIN (YoY)",
      "detail": "YoY Incr OPM: +159.3% vs year-ago OPM: +36.6%",
      "severity": "HIGH"
    },
    {
      "quarter": "2024-06 (Q2)",
      "signal": "INCREMENTAL MARGIN (YoY)",
      "detail": "YoY Incr OPM: +445.5% vs year-ago OPM: +37.0%",
      "severity": "HIGH"
    },
    {
      "quarter": "2023-12 (Q4)",
      "signal": "YoY REVENUE GROWTH ACCELERATION",
      "detail": "YoY growth: -0.3% vs prior quarter YoY: -9.5% (accel: +9.2%)",
      "severity": "MEDIUM"
    },
    {
      "quarter": "2023-09 (Q3)",
      "signal": "INCREMENTAL MARGIN (YoY)",
      "detail": "YoY Incr OPM: +73.0% vs year-ago OPM: +40.1%",
      "severity": "HIGH"
    },
    {
      "quarter": "2023-06 (Q2)",
      "signal": "YoY REVENUE GROWTH DECELERATION",
      "detail": "YoY growth: -4.9% vs prior quarter YoY: +3.3% (decel: -8.2%)",
      "severity": "WARNING"
    },
    {
      "quarter": "2023-06 (Q2)",
      "signal": "INCREMENTAL MARGIN (YoY)",
      "detail": "YoY Incr OPM: +95.1% vs year-ago OPM: +39.8%",
      "severity": "HIGH"
    },
    {
      "quarter": "2022-12 (Q4)",
      "signal": "YoY REVENUE GROWTH DECELERATION",
      "detail": "YoY growth: +7.8% vs prior quarter YoY: +18.0% (decel: -10.2%)",
      "severity": "WARNING"
    },
    {
      "quarter": "2022-09 (Q3)",
      "signal": "FCF MARGIN EXPANSION",
      "detail": "FCF margin: +18.1% -> +28.3% (+10.2%)",
      "severity": "MEDIUM"
    },
    {
      "quarter": "2021-06 (Q2)",
      "signal": "OPERATING LEVERAGE",
      "detail": "Rev growth +10.1% vs OpEx growth +0.8% (leverage: 13.2x)",
      "severity": "MEDIUM"
    }
  ],
  "data_quality": {
    "n_quarters": 20,
    "coverage": {
      "revenue": [
        20,
        20
      ],
      "gross_profit": [
        0,
        20
      ],
      "op_income": [
        20,
        20
      ],
      "fcf": [
        20,
        20
      ]
    },
    "gaps": [],
    "warnings": [
      "gross_profit: no data"
    ]
  },
  "market_cap": null,
  "source": "SEC EDGAR",
  "last_updated": "2026-02-09T19:10:23.991091"
}