{
  "ticker": "UNTCW",
  "name": "Unit Corporation",
  "quarters": [
    {
      "date": "2018-03-31T00:00:00",
      "quarter_label": "2018-03 (Q1)",
      "revenue": 205132000,
      "gross_profit": 67137000,
      "operating_income": 28232000,
      "net_income": 7865000,
      "opex": 166299000,
      "cogs": null,
      "rd": null,
      "sga": null,
      "fcf": -6681000,
      "ocf": 83568000,
      "capex": -90249000,
      "gross_margin": 0.32728682019382643,
      "op_margin": 0.13762845387360334,
      "fcf_margin": -0.03256927246845933
    },
    {
      "date": "2018-06-30T00:00:00",
      "quarter_label": "2018-06 (Q2)",
      "revenue": 203303000,
      "gross_profit": 69900000,
      "operating_income": 32364000,
      "net_income": 5788000,
      "opex": 162388000,
      "cogs": null,
      "rd": null,
      "sga": null,
      "fcf": -23595000,
      "ocf": 76072000,
      "capex": -99667000,
      "gross_margin": 0.3438217832496323,
      "op_margin": 0.1591909612745508,
      "fcf_margin": -0.11605829722138876,
      "fcf_margin_change": -0.08348902475292944
    },
    {
      "date": "2018-09-30T00:00:00",
      "quarter_label": "2018-09 (Q3)",
      "revenue": 220058000,
      "gross_profit": 79484000,
      "operating_income": 40191000,
      "net_income": 18899000,
      "opex": 170842000,
      "cogs": null,
      "rd": null,
      "sga": null,
      "fcf": -32296000,
      "ocf": 81842000,
      "capex": -114138000,
      "gross_margin": 0.36119568477401415,
      "op_margin": 0.18263821356187915,
      "fcf_margin": -0.14676130838233556,
      "op_leverage_ratio": 1.5830416247007848,
      "fcf_margin_change": -0.0307030111609468
    },
    {
      "date": "2018-12-31T00:00:00",
      "quarter_label": "2018-12 (Q4)",
      "revenue": 214788000,
      "gross_profit": -108068000,
      "operating_income": null,
      "net_income": -77840000,
      "opex": 322856000,
      "cogs": null,
      "rd": null,
      "sga": null,
      "fcf": -30963000,
      "ocf": 111265000,
      "capex": -142228000,
      "gross_margin": -0.503137977913105,
      "op_margin": null,
      "fcf_margin": -0.14415609810603944,
      "fcf_margin_change": 0.0026052102762961216
    },
    {
      "date": "2019-03-31T00:00:00",
      "quarter_label": "2019-03 (Q1)",
      "revenue": 189691000,
      "gross_profit": 24095000,
      "operating_income": 12739000,
      "net_income": -3504000,
      "opex": 165596000,
      "cogs": null,
      "rd": null,
      "sga": null,
      "fcf": -41319000,
      "ocf": 81188000,
      "capex": -122507000,
      "gross_margin": 0.1270223679563079,
      "op_margin": 0.06715658623761803,
      "fcf_margin": -0.21782266949934367,
      "incr_op_margin_yoy": 1.0033676575351338,
      "rev_growth_yoy": -0.07527348244057484,
      "fcf_margin_change": -0.07366657139330424
    },
    {
      "date": "2019-06-30T00:00:00",
      "quarter_label": "2019-06 (Q2)",
      "revenue": 165146000,
      "gross_profit": 813000,
      "operating_income": -8829000,
      "net_income": -8509000,
      "opex": 164333000,
      "cogs": null,
      "rd": null,
      "sga": null,
      "fcf": -77818000,
      "ocf": 46313000,
      "capex": -124131000,
      "gross_margin": 0.004922916691896867,
      "op_margin": -0.053461785329344945,
      "fcf_margin": -0.471207295362891,
      "incr_op_margin_yoy": 1.0795660036166366,
      "rev_growth_yoy": -0.18768537601511046,
      "rev_growth_yoy_accel": -0.11241189357453561,
      "fcf_margin_change": -0.2533846258635474
    },
    {
      "date": "2019-09-30T00:00:00",
      "quarter_label": "2019-09 (Q3)",
      "revenue": 155439000,
      "gross_profit": -242308000,
      "operating_income": -252633000,
      "net_income": -206886000,
      "opex": 397747000,
      "cogs": null,
      "rd": null,
      "sga": null,
      "fcf": -26367000,
      "ocf": 91949000,
      "capex": -118316000,
      "gross_margin": -1.558862318980436,
      "op_margin": -1.62528709011252,
      "fcf_margin": -0.169629243626117,
      "incr_op_margin_yoy": 4.531546449186772,
      "rev_growth_yoy": -0.2936453116905543,
      "rev_growth_yoy_accel": -0.10595993567544384,
      "fcf_margin_change": 0.301578051736774
    },
    {
      "date": "2019-12-31T00:00:00",
      "quarter_label": "2019-12 (Q4)",
      "revenue": 164358000,
      "gross_profit": -393983000,
      "operating_income": null,
      "net_income": -334980000,
      "opex": 558341000,
      "cogs": null,
      "rd": null,
      "sga": null,
      "fcf": 8235000,
      "ocf": 49946000,
      "capex": -41711000,
      "gross_margin": -2.39710266613125,
      "op_margin": null,
      "fcf_margin": 0.05010404117840324,
      "rev_growth_yoy": -0.2347896530532432,
      "rev_growth_yoy_accel": 0.0588556586373111,
      "op_leverage_ratio": 0.1421129869296892,
      "fcf_margin_change": 0.21973328480452026
    },
    {
      "date": "2020-03-31T00:00:00",
      "quarter_label": "2020-03 (Q1)",
      "revenue": 122376000,
      "gross_profit": -764888000,
      "operating_income": -794385000,
      "net_income": -770494000,
      "opex": 887264000,
      "cogs": null,
      "rd": null,
      "sga": null,
      "fcf": 12384000,
      "ocf": 29912000,
      "capex": -17528000,
      "gross_margin": -6.250310518402301,
      "op_margin": -6.491346342420083,
      "fcf_margin": 0.10119631300254953,
      "incr_op_margin_yoy": 11.990254772339004,
      "rev_growth_yoy": -0.35486659883705607,
      "rev_growth_yoy_accel": -0.12007694578381287,
      "fcf_margin_change": 0.05109227182414629
    },
    {
      "date": "2020-06-30T00:00:00",
      "quarter_label": "2020-06 (Q2)",
      "revenue": 89007000,
      "gross_profit": -171374000,
      "operating_income": -198065000,
      "net_income": -215649000,
      "opex": 260381000,
      "cogs": null,
      "rd": null,
      "sga": null,
      "fcf": -9721000,
      "ocf": -3445000,
      "capex": -6276000,
      "gross_margin": -1.9253991259114451,
      "op_margin": -2.225274416618918,
      "fcf_margin": -0.10921612906850023,
      "incr_op_margin_yoy": 2.48540169952324,
      "rev_growth_yoy": -0.46104053383067106,
      "rev_growth_yoy_accel": -0.106173934993615,
      "fcf_margin_change": -0.21041244207104975
    },
    {
      "date": "2020-12-31T00:00:00",
      "quarter_label": "2020-12 (Q4)",
      "revenue": 100682000,
      "gross_profit": 5599000,
      "operating_income": null,
      "net_income": -9172000,
      "opex": null,
      "cogs": null,
      "rd": null,
      "sga": null,
      "fcf": null,
      "ocf": null,
      "capex": null,
      "gross_margin": 0.05561073478874079,
      "op_margin": null,
      "fcf_margin": null,
      "rev_growth_yoy": -0.38742257754414144,
      "rev_growth_yoy_accel": 0.07361795628652962
    },
    {
      "date": "2021-03-31T00:00:00",
      "quarter_label": "2021-03 (Q1)",
      "revenue": 120897000,
      "gross_profit": null,
      "operating_income": 26006000,
      "net_income": -1937000,
      "opex": 89074000,
      "cogs": null,
      "rd": null,
      "sga": null,
      "fcf": 28270000,
      "ocf": 30304000,
      "capex": -2034000,
      "gross_margin": null,
      "op_margin": 0.2151087289180046,
      "fcf_margin": 0.23383541361654964,
      "incr_op_margin_yoy": -554.6930358350237,
      "rev_growth_yoy": -0.012085703079035105,
      "rev_growth_yoy_accel": 0.37533687446510633
    },
    {
      "date": "2021-06-30T00:00:00",
      "quarter_label": "2021-06 (Q2)",
      "revenue": 134057000,
      "gross_profit": null,
      "operating_income": 39029000,
      "net_income": -12994000,
      "opex": 90987000,
      "cogs": null,
      "rd": null,
      "sga": null,
      "fcf": 38022000,
      "ocf": 43661000,
      "capex": -5639000,
      "gross_margin": null,
      "op_margin": 0.2911373520219011,
      "fcf_margin": 0.2836256219369373,
      "incr_op_margin_yoy": 5.262907880133185,
      "rev_growth_yoy": 0.5061399665194872,
      "rev_growth_yoy_accel": 0.5182256695985223,
      "op_leverage_ratio": 5.068463816695588,
      "fcf_margin_change": 0.04979020832038766
    },
    {
      "date": "2021-09-30T00:00:00",
      "quarter_label": "2021-09 (Q3)",
      "revenue": 163248000,
      "gross_profit": null,
      "operating_income": 47671000,
      "net_income": 6295000,
      "opex": 114482000,
      "cogs": null,
      "rd": null,
      "sga": null,
      "fcf": 37017000,
      "ocf": 50461000,
      "capex": -13444000,
      "gross_margin": null,
      "op_margin": 0.2920158286778399,
      "fcf_margin": 0.2267531608350485,
      "op_leverage_ratio": 0.8432636368133661,
      "fcf_margin_change": -0.05687246110188879
    },
    {
      "date": "2021-12-31T00:00:00",
      "quarter_label": "2021-12 (Q4)",
      "revenue": 220514000,
      "gross_profit": null,
      "operating_income": null,
      "net_income": 69283000,
      "opex": 156917000,
      "cogs": null,
      "rd": null,
      "sga": null,
      "fcf": 42355000,
      "ocf": 51543000,
      "capex": -9188000,
      "gross_margin": null,
      "op_margin": null,
      "fcf_margin": 0.19207397262758827,
      "rev_growth_yoy": 1.1902028167894956,
      "op_leverage_ratio": 0.9463722147949357,
      "fcf_margin_change": -0.03467918820746024
    },
    {
      "date": "2022-03-31T00:00:00",
      "quarter_label": "2022-03 (Q1)",
      "revenue": 188365000,
      "gross_profit": null,
      "operating_income": 60644000,
      "net_income": -46877000,
      "opex": 123370000,
      "cogs": null,
      "rd": null,
      "sga": null,
      "fcf": 37026000,
      "ocf": 45810000,
      "capex": -8784000,
      "gross_margin": null,
      "op_margin": 0.32194940673692035,
      "fcf_margin": 0.19656517930613437,
      "incr_op_margin_yoy": 0.5133989446848877,
      "rev_growth_yoy": 0.5580618212197159,
      "rev_growth_yoy_accel": -0.6321409955697797,
      "fcf_margin_change": 0.004491206678546106
    },
    {
      "date": "2022-06-30T00:00:00",
      "quarter_label": "2022-06 (Q2)",
      "revenue": 134554000,
      "gross_profit": null,
      "operating_income": null,
      "net_income": 80093000,
      "opex": 59043000,
      "cogs": null,
      "rd": null,
      "sga": null,
      "fcf": 34625000,
      "ocf": 42315000,
      "capex": -7690000,
      "gross_margin": null,
      "op_margin": null,
      "fcf_margin": 0.257331628937081,
      "rev_growth_yoy": 0.0037073782047934833,
      "rev_growth_yoy_accel": -0.5543544430149224,
      "fcf_margin_change": 0.06076644963094663
    },
    {
      "date": "2022-09-30T00:00:00",
      "quarter_label": "2022-09 (Q3)",
      "revenue": 120282000,
      "gross_profit": null,
      "operating_income": null,
      "net_income": 55818000,
      "opex": 50579000,
      "cogs": null,
      "rd": null,
      "sga": null,
      "fcf": 25900000,
      "ocf": 33185000,
      "capex": -7285000,
      "gross_margin": null,
      "op_margin": null,
      "fcf_margin": 0.21532731414509237,
      "rev_growth_yoy": -0.26319464863275505,
      "rev_growth_yoy_accel": -0.26690202683754854,
      "fcf_margin_change": -0.04200431479198863
    },
    {
      "date": "2022-12-31T00:00:00",
      "quarter_label": "2022-12 (Q4)",
      "revenue": 102324000,
      "gross_profit": null,
      "operating_income": null,
      "net_income": 59335000,
      "opex": 68553000,
      "cogs": null,
      "rd": null,
      "sga": null,
      "fcf": 31484000,
      "ocf": 38111000,
      "capex": -6627000,
      "gross_margin": null,
      "op_margin": null,
      "fcf_margin": 0.3076893006528283,
      "rev_growth_yoy": -0.5359750401335063,
      "rev_growth_yoy_accel": -0.27278039150075123,
      "fcf_margin_change": 0.09236198650773592
    },
    {
      "date": "2023-03-31T00:00:00",
      "quarter_label": "2023-03 (Q1)",
      "revenue": 93929000,
      "gross_profit": null,
      "operating_income": null,
      "net_income": 134650000,
      "opex": 49264000,
      "cogs": null,
      "rd": null,
      "sga": null,
      "fcf": 48514000,
      "ocf": 57400000,
      "capex": -8886000,
      "gross_margin": null,
      "op_margin": null,
      "fcf_margin": 0.5164965026775543,
      "rev_growth_yoy": -0.5013457914156026,
      "rev_growth_yoy_accel": 0.03462924871790363,
      "fcf_margin_change": 0.20880720202472602
    }
  ],
  "signals": [
    {
      "quarter": "2023-03 (Q1)",
      "signal": "FCF MARGIN EXPANSION",
      "detail": "FCF margin: +30.8% -> +51.6% (+20.9%)",
      "severity": "MEDIUM"
    },
    {
      "quarter": "2022-12 (Q4)",
      "signal": "FCF MARGIN EXPANSION",
      "detail": "FCF margin: +21.5% -> +30.8% (+9.2%)",
      "severity": "MEDIUM"
    },
    {
      "quarter": "2022-12 (Q4)",
      "signal": "YoY REVENUE GROWTH DECELERATION",
      "detail": "YoY growth: -53.6% vs prior quarter YoY: -26.3% (decel: -27.3%)",
      "severity": "WARNING"
    },
    {
      "quarter": "2022-09 (Q3)",
      "signal": "YoY REVENUE GROWTH DECELERATION",
      "detail": "YoY growth: -26.3% vs prior quarter YoY: +0.4% (decel: -26.7%)",
      "severity": "WARNING"
    },
    {
      "quarter": "2022-06 (Q2)",
      "signal": "FCF MARGIN EXPANSION",
      "detail": "FCF margin: +19.7% -> +25.7% (+6.1%)",
      "severity": "MEDIUM"
    },
    {
      "quarter": "2022-06 (Q2)",
      "signal": "YoY REVENUE GROWTH DECELERATION",
      "detail": "YoY growth: +0.4% vs prior quarter YoY: +55.8% (decel: -55.4%)",
      "severity": "WARNING"
    },
    {
      "quarter": "2022-03 (Q1)",
      "signal": "YoY REVENUE GROWTH DECELERATION",
      "detail": "YoY growth: +55.8% vs prior quarter YoY: +119.0% (decel: -63.2%)",
      "severity": "WARNING"
    },
    {
      "quarter": "2022-03 (Q1)",
      "signal": "INCREMENTAL MARGIN (YoY)",
      "detail": "YoY Incr OPM: +51.3% vs year-ago OPM: +21.5%",
      "severity": "HIGH"
    },
    {
      "quarter": "2021-06 (Q2)",
      "signal": "OPERATING LEVERAGE",
      "detail": "Rev growth +10.9% vs OpEx growth +2.1% (leverage: 5.1x)",
      "severity": "MEDIUM"
    },
    {
      "quarter": "2021-06 (Q2)",
      "signal": "YoY REVENUE GROWTH ACCELERATION",
      "detail": "YoY growth: +50.6% vs prior quarter YoY: -1.2% (accel: +51.8%)",
      "severity": "HIGH"
    },
    {
      "quarter": "2021-06 (Q2)",
      "signal": "OP MARGIN TURNED POSITIVE (YoY)",
      "detail": "Op margin: -222.5% (year-ago) -> +29.1%",
      "severity": "HIGH"
    },
    {
      "quarter": "2021-03 (Q1)",
      "signal": "YoY REVENUE GROWTH ACCELERATION",
      "detail": "YoY growth: -1.2% vs prior quarter YoY: -38.7% (accel: +37.5%)",
      "severity": "HIGH"
    },
    {
      "quarter": "2021-03 (Q1)",
      "signal": "OP MARGIN TURNED POSITIVE (YoY)",
      "detail": "Op margin: -649.1% (year-ago) -> +21.5%",
      "severity": "HIGH"
    },
    {
      "quarter": "2020-12 (Q4)",
      "signal": "YoY REVENUE GROWTH ACCELERATION",
      "detail": "YoY growth: -38.7% vs prior quarter YoY: -46.1% (accel: +7.4%)",
      "severity": "MEDIUM"
    },
    {
      "quarter": "2020-06 (Q2)",
      "signal": "GROSS MARGIN INFLECTION",
      "detail": "GM: -239.7% -> -625.0% -> -192.5% (reversal +432.5%)",
      "severity": "HIGH"
    },
    {
      "quarter": "2020-06 (Q2)",
      "signal": "YoY REVENUE GROWTH DECELERATION",
      "detail": "YoY growth: -46.1% vs prior quarter YoY: -35.5% (decel: -10.6%)",
      "severity": "WARNING"
    },
    {
      "quarter": "2020-03 (Q1)",
      "signal": "FCF MARGIN EXPANSION",
      "detail": "FCF margin: +5.0% -> +10.1% (+5.1%)",
      "severity": "MEDIUM"
    },
    {
      "quarter": "2020-03 (Q1)",
      "signal": "YoY REVENUE GROWTH DECELERATION",
      "detail": "YoY growth: -35.5% vs prior quarter YoY: -23.5% (decel: -12.0%)",
      "severity": "WARNING"
    },
    {
      "quarter": "2019-12 (Q4)",
      "signal": "FCF TURNED POSITIVE",
      "detail": "FCF margin: -17.0% -> +5.0%",
      "severity": "HIGH"
    },
    {
      "quarter": "2019-12 (Q4)",
      "signal": "YoY REVENUE GROWTH ACCELERATION",
      "detail": "YoY growth: -23.5% vs prior quarter YoY: -29.4% (accel: +5.9%)",
      "severity": "MEDIUM"
    },
    {
      "quarter": "2019-09 (Q3)",
      "signal": "FCF MARGIN EXPANSION",
      "detail": "FCF margin: -47.1% -> -17.0% (+30.2%)",
      "severity": "MEDIUM"
    },
    {
      "quarter": "2019-09 (Q3)",
      "signal": "YoY REVENUE GROWTH DECELERATION",
      "detail": "YoY growth: -29.4% vs prior quarter YoY: -18.8% (decel: -10.6%)",
      "severity": "WARNING"
    },
    {
      "quarter": "2019-06 (Q2)",
      "signal": "YoY REVENUE GROWTH DECELERATION",
      "detail": "YoY growth: -18.8% vs prior quarter YoY: -7.5% (decel: -11.2%)",
      "severity": "WARNING"
    },
    {
      "quarter": "2019-03 (Q1)",
      "signal": "GROSS MARGIN INFLECTION",
      "detail": "GM: +36.1% -> -50.3% -> +12.7% (reversal +63.0%)",
      "severity": "HIGH"
    },
    {
      "quarter": "2019-03 (Q1)",
      "signal": "INCREMENTAL MARGIN (YoY)",
      "detail": "YoY Incr OPM: +100.3% vs year-ago OPM: +13.8%",
      "severity": "HIGH"
    },
    {
      "quarter": "2018-09 (Q3)",
      "signal": "OPERATING LEVERAGE",
      "detail": "Rev growth +8.2% vs OpEx growth +5.2% (leverage: 1.6x)",
      "severity": "MEDIUM"
    }
  ],
  "data_quality": {
    "n_quarters": 20,
    "coverage": {
      "revenue": [
        20,
        20
      ],
      "gross_profit": [
        11,
        20
      ],
      "op_income": [
        12,
        20
      ],
      "fcf": [
        19,
        20
      ]
    },
    "gaps": [
      [
        "2020-06 (Q2)",
        "2020-12 (Q4)",
        184
      ]
    ],
    "warnings": [
      "gross_profit: 11/20Q",
      "op_income: 12/20Q",
      "gap: 1Q missing between 2020-06 (Q2) and 2020-12 (Q4)"
    ]
  },
  "market_cap": null,
  "source": "SEC EDGAR",
  "last_updated": "2026-02-03T01:07:32.362283"
}