{
  "ticker": "UONE",
  "name": "URBAN ONE, INC.",
  "quarters": [
    {
      "date": "2020-12-31T00:00:00",
      "quarter_label": "2020-12 (Q4)",
      "revenue": 113542000,
      "gross_profit": null,
      "operating_income": 34533000,
      "net_income": 26426000,
      "opex": 79009000,
      "cogs": null,
      "rd": null,
      "sga": 33674000,
      "fcf": 8802000,
      "ocf": 9424000,
      "capex": -622000,
      "gross_margin": null,
      "op_margin": 0.3041429603142449,
      "fcf_margin": 0.07752197424741505
    },
    {
      "date": "2021-03-31T00:00:00",
      "quarter_label": "2021-03 (Q1)",
      "revenue": 91440000,
      "gross_profit": null,
      "operating_income": 23757000,
      "net_income": 7000,
      "opex": 67683000,
      "cogs": null,
      "rd": null,
      "sga": 29987000,
      "fcf": 13489000,
      "ocf": 14293000,
      "capex": -804000,
      "gross_margin": null,
      "op_margin": 0.25980971128608926,
      "fcf_margin": 0.1475174978127734,
      "fcf_margin_change": 0.06999552356535835
    },
    {
      "date": "2021-06-30T00:00:00",
      "quarter_label": "2021-06 (Q2)",
      "revenue": 107593000,
      "gross_profit": null,
      "operating_income": 37920000,
      "net_income": 17866000,
      "opex": 69673000,
      "cogs": null,
      "rd": null,
      "sga": 31510000,
      "fcf": 35549000,
      "ocf": 37199000,
      "capex": -1650000,
      "gross_margin": null,
      "op_margin": 0.3524392850836021,
      "fcf_margin": 0.3304025354809328,
      "op_leverage_ratio": 6.008187805827035,
      "fcf_margin_change": 0.1828850376681594
    },
    {
      "date": "2021-09-30T00:00:00",
      "quarter_label": "2021-09 (Q3)",
      "revenue": 111463000,
      "gross_profit": null,
      "operating_income": 34475000,
      "net_income": 13876000,
      "opex": 76988000,
      "cogs": null,
      "rd": null,
      "sga": 33102000,
      "fcf": -16956000,
      "ocf": -15228000,
      "capex": -1728000,
      "gross_margin": null,
      "op_margin": 0.30929546127414476,
      "fcf_margin": -0.1521222289010703,
      "op_leverage_ratio": 0.3425919298327354,
      "fcf_margin_change": -0.4825247643820031
    },
    {
      "date": "2021-12-31T00:00:00",
      "quarter_label": "2021-12 (Q4)",
      "revenue": 130966000,
      "gross_profit": null,
      "operating_income": 22391000,
      "net_income": 6603000,
      "opex": 110188000,
      "cogs": null,
      "rd": null,
      "sga": 48097000,
      "fcf": 41782000,
      "ocf": 43886000,
      "capex": -2104000,
      "gross_margin": null,
      "op_margin": 0.17096803750591757,
      "fcf_margin": 0.31902936640043983,
      "incr_op_margin_yoy": -0.6968549127640037,
      "rev_growth_yoy": 0.1534586320480527,
      "op_leverage_ratio": 0.4057473077942878,
      "fcf_margin_change": 0.47115159530151013
    },
    {
      "date": "2022-03-31T00:00:00",
      "quarter_label": "2022-03 (Q1)",
      "revenue": 112349000,
      "gross_profit": null,
      "operating_income": 36538000,
      "net_income": 16369000,
      "opex": 75811000,
      "cogs": null,
      "rd": null,
      "sga": 35428000,
      "fcf": 13880000,
      "ocf": 15456000,
      "capex": -1576000,
      "gross_margin": null,
      "op_margin": 0.3252187380395019,
      "fcf_margin": 0.12354360074410987,
      "incr_op_margin_yoy": 0.6112678750777177,
      "rev_growth_yoy": 0.22866360454943133,
      "rev_growth_yoy_accel": 0.07520497250137861,
      "fcf_margin_change": -0.19548576565632997
    },
    {
      "date": "2022-06-30T00:00:00",
      "quarter_label": "2022-06 (Q2)",
      "revenue": 118810000,
      "gross_profit": null,
      "operating_income": 23835000,
      "net_income": 15034000,
      "opex": 94975000,
      "cogs": null,
      "rd": null,
      "sga": 35346000,
      "fcf": 25475000,
      "ocf": 27770000,
      "capex": -2295000,
      "gross_margin": null,
      "op_margin": 0.2006144263950846,
      "fcf_margin": 0.21441797828465617,
      "incr_op_margin_yoy": -1.2556833377908532,
      "rev_growth_yoy": 0.10425399421895476,
      "rev_growth_yoy_accel": -0.12440961033047657,
      "op_leverage_ratio": 0.2274974813988091,
      "fcf_margin_change": 0.0908743775405463
    },
    {
      "date": "2022-09-30T00:00:00",
      "quarter_label": "2022-09 (Q3)",
      "revenue": 121403000,
      "gross_profit": null,
      "operating_income": 18974000,
      "net_income": 4213000,
      "opex": 102429000,
      "cogs": null,
      "rd": null,
      "sga": 41076000,
      "fcf": 8975000,
      "ocf": 10360000,
      "capex": -1385000,
      "gross_margin": null,
      "op_margin": 0.15628938329365832,
      "fcf_margin": 0.0739273329324646,
      "incr_op_margin_yoy": -1.559456740442656,
      "rev_growth_yoy": 0.08917757462117475,
      "rev_growth_yoy_accel": -0.015076419597780014,
      "op_leverage_ratio": 0.2780797950573579,
      "fcf_margin_change": -0.14049064535219158
    },
    {
      "date": "2022-12-31T00:00:00",
      "quarter_label": "2022-12 (Q4)",
      "revenue": 132042000,
      "gross_profit": null,
      "operating_income": 15340000,
      "net_income": 1713000,
      "opex": 116702000,
      "cogs": null,
      "rd": null,
      "sga": 48380000,
      "fcf": 11455000,
      "ocf": 12962000,
      "capex": -1507000,
      "gross_margin": null,
      "op_margin": 0.1161751563896336,
      "fcf_margin": 0.08675269989851714,
      "incr_op_margin_yoy": -6.552973977695167,
      "rev_growth_yoy": 0.008215872821953789,
      "rev_growth_yoy_accel": -0.08096170179922096,
      "op_leverage_ratio": 0.6288963253092391,
      "fcf_margin_change": 0.012825366966052534
    },
    {
      "date": "2023-03-31T00:00:00",
      "quarter_label": "2023-03 (Q1)",
      "revenue": 109869000,
      "gross_profit": null,
      "operating_income": 8120000,
      "net_income": -2922000,
      "opex": 101749000,
      "cogs": null,
      "rd": null,
      "sga": 36874000,
      "fcf": 15095000,
      "ocf": 17104000,
      "capex": -2009000,
      "gross_margin": null,
      "op_margin": 0.07390619738051679,
      "fcf_margin": 0.13739089279050506,
      "incr_op_margin_yoy": 11.458870967741936,
      "rev_growth_yoy": -0.022074072755431735,
      "rev_growth_yoy_accel": -0.030289945577385523,
      "fcf_margin_change": 0.050638192891987927
    },
    {
      "date": "2023-06-30T00:00:00",
      "quarter_label": "2023-06 (Q2)",
      "revenue": 129652000,
      "gross_profit": null,
      "operating_income": 9655000,
      "net_income": 70366000,
      "opex": 119997000,
      "cogs": null,
      "rd": null,
      "sga": 49931000,
      "fcf": 22562000,
      "ocf": 24671000,
      "capex": -2109000,
      "gross_margin": null,
      "op_margin": 0.07446857742263907,
      "fcf_margin": 0.17401968346034,
      "incr_op_margin_yoy": -1.3078767755026748,
      "rev_growth_yoy": 0.09125494486996044,
      "rev_growth_yoy_accel": 0.11332901762539217,
      "op_leverage_ratio": 1.00399570896653,
      "fcf_margin_change": 0.03662879066983493
    },
    {
      "date": "2023-09-30T00:00:00",
      "quarter_label": "2023-09 (Q3)",
      "revenue": 117825000,
      "gross_profit": null,
      "operating_income": -56112000,
      "net_income": -54411000,
      "opex": 173937000,
      "cogs": null,
      "rd": null,
      "sga": 40352000,
      "fcf": -933000,
      "ocf": 1527000,
      "capex": -2460000,
      "gross_margin": null,
      "op_margin": -0.47623169955442396,
      "fcf_margin": -0.007918523233609167,
      "incr_op_margin_yoy": 20.9854667411962,
      "rev_growth_yoy": -0.029472088828117922,
      "rev_growth_yoy_accel": -0.12072703369807836,
      "fcf_margin_change": -0.18193820669394917
    },
    {
      "date": "2023-12-31T00:00:00",
      "quarter_label": "2023-12 (Q4)",
      "revenue": 120344000,
      "gross_profit": null,
      "operating_income": 6765000,
      "net_income": -10983000,
      "opex": 113579000,
      "cogs": null,
      "rd": null,
      "sga": 46412000,
      "fcf": 20245000,
      "ocf": 21343000,
      "capex": -1098000,
      "gross_margin": null,
      "op_margin": 0.05621385361962374,
      "fcf_margin": 0.16822608522236257,
      "incr_op_margin_yoy": 0.7330312873995555,
      "rev_growth_yoy": -0.08859302343193833,
      "rev_growth_yoy_accel": -0.0591209346038204,
      "op_leverage_ratio": Infinity,
      "fcf_margin_change": 0.17614460845597174
    },
    {
      "date": "2024-03-31T00:00:00",
      "quarter_label": "2024-03 (Q1)",
      "revenue": 104410000,
      "gross_profit": null,
      "operating_income": 12888000,
      "net_income": 7493000,
      "opex": 91522000,
      "cogs": null,
      "rd": null,
      "sga": 39900000,
      "fcf": -4291000,
      "ocf": -2477000,
      "capex": -1814000,
      "gross_margin": null,
      "op_margin": 0.12343645244708361,
      "fcf_margin": -0.04109759601570731,
      "incr_op_margin_yoy": -0.8734200403004213,
      "rev_growth_yoy": -0.049686444766039554,
      "rev_growth_yoy_accel": 0.03890657866589877,
      "fcf_margin_change": -0.20932368123806988
    },
    {
      "date": "2024-06-30T00:00:00",
      "quarter_label": "2024-06 (Q2)",
      "revenue": 117744000,
      "gross_profit": null,
      "operating_income": -60421000,
      "net_income": -45431000,
      "opex": 178165000,
      "cogs": null,
      "rd": null,
      "sga": 50448000,
      "fcf": 3937000,
      "ocf": 6162000,
      "capex": -2225000,
      "gross_margin": null,
      "op_margin": -0.5131556597363772,
      "fcf_margin": 0.03343694795488517,
      "incr_op_margin_yoy": 5.88478333893181,
      "rev_growth_yoy": -0.09184586431370129,
      "rev_growth_yoy_accel": -0.04215941954766173,
      "op_leverage_ratio": 0.1348995111327007,
      "fcf_margin_change": 0.07453454397059248
    },
    {
      "date": "2024-09-30T00:00:00",
      "quarter_label": "2024-09 (Q3)",
      "revenue": 110393000,
      "gross_profit": null,
      "operating_income": -26197000,
      "net_income": -31798000,
      "opex": 136590000,
      "cogs": null,
      "rd": null,
      "sga": 41293000,
      "fcf": -3458000,
      "ocf": -1825000,
      "capex": -1633000,
      "gross_margin": null,
      "op_margin": -0.23730671328798023,
      "fcf_margin": -0.031324449919831875,
      "incr_op_margin_yoy": -4.02516146393972,
      "rev_growth_yoy": -0.06307659664757055,
      "rev_growth_yoy_accel": 0.028769267666130735,
      "fcf_margin_change": -0.06476139787471705
    },
    {
      "date": "2024-12-31T00:00:00",
      "quarter_label": "2024-12 (Q4)",
      "revenue": 117127000,
      "gross_profit": null,
      "operating_income": -1855000,
      "net_income": -35658000,
      "opex": 118982000,
      "cogs": null,
      "rd": null,
      "sga": 43367000,
      "fcf": 34064000,
      "ocf": 35618000,
      "capex": -1554000,
      "gross_margin": null,
      "op_margin": -0.015837509711680485,
      "fcf_margin": 0.2908296123011774,
      "incr_op_margin_yoy": 2.679515076157911,
      "rev_growth_yoy": -0.02673170245296816,
      "rev_growth_yoy_accel": 0.03634489419460239,
      "op_leverage_ratio": Infinity,
      "fcf_margin_change": 0.32215406222100923
    },
    {
      "date": "2025-03-31T00:00:00",
      "quarter_label": "2025-03 (Q1)",
      "revenue": 92235000,
      "gross_profit": null,
      "operating_income": 2098000,
      "net_income": -11742000,
      "opex": 90137000,
      "cogs": null,
      "rd": null,
      "sga": 50766000,
      "fcf": -462000,
      "ocf": 2085000,
      "capex": -2547000,
      "gross_margin": null,
      "op_margin": 0.022746246002059954,
      "fcf_margin": -0.005008944543828265,
      "incr_op_margin_yoy": 0.8862422997946612,
      "rev_growth_yoy": -0.11660760463557131,
      "rev_growth_yoy_accel": -0.08987590218260315,
      "fcf_margin_change": -0.29583855684500565
    },
    {
      "date": "2025-06-30T00:00:00",
      "quarter_label": "2025-06 (Q2)",
      "revenue": 91631000,
      "gross_profit": null,
      "operating_income": -120684000,
      "net_income": -77902000,
      "opex": 212315000,
      "cogs": null,
      "rd": null,
      "sga": 50053000,
      "fcf": 4987000,
      "ocf": 6205000,
      "capex": -1218000,
      "gross_margin": null,
      "op_margin": -1.3170651853630322,
      "fcf_margin": 0.054424812563433775,
      "incr_op_margin_yoy": 2.3077777352276643,
      "rev_growth_yoy": -0.22177775512977307,
      "rev_growth_yoy_accel": -0.10517015049420177,
      "fcf_margin_change": 0.059433757107262036
    },
    {
      "date": "2025-09-30T00:00:00",
      "quarter_label": "2025-09 (Q3)",
      "revenue": 92677000,
      "gross_profit": null,
      "operating_income": 2510000,
      "net_income": -2830000,
      "opex": 90167000,
      "cogs": null,
      "rd": null,
      "sga": 49344000,
      "fcf": -3261000,
      "ocf": -161000,
      "capex": -3100000,
      "gross_margin": null,
      "op_margin": 0.027083310853825652,
      "fcf_margin": -0.03518672378259978,
      "incr_op_margin_yoy": -1.6203996387446375,
      "rev_growth_yoy": -0.16048118993052096,
      "rev_growth_yoy_accel": 0.06129656519925211,
      "op_leverage_ratio": Infinity,
      "fcf_margin_change": -0.08961153634603355
    }
  ],
  "signals": [
    {
      "quarter": "2025-09 (Q3)",
      "signal": "YoY REVENUE GROWTH ACCELERATION",
      "detail": "YoY growth: -16.0% vs prior quarter YoY: -22.2% (accel: +6.1%)",
      "severity": "MEDIUM"
    },
    {
      "quarter": "2025-09 (Q3)",
      "signal": "OP MARGIN TURNED POSITIVE (YoY)",
      "detail": "Op margin: -23.7% (year-ago) -> +2.7%",
      "severity": "HIGH"
    },
    {
      "quarter": "2025-09 (Q3)",
      "signal": "OP MARGIN TURNED POSITIVE (QoQ)",
      "detail": "Op margin: -131.7% -> +2.7%",
      "severity": "HIGH"
    },
    {
      "quarter": "2025-06 (Q2)",
      "signal": "FCF TURNED POSITIVE",
      "detail": "FCF margin: -0.5% -> +5.4%",
      "severity": "HIGH"
    },
    {
      "quarter": "2025-06 (Q2)",
      "signal": "YoY REVENUE GROWTH DECELERATION",
      "detail": "YoY growth: -22.2% vs prior quarter YoY: -11.7% (decel: -10.5%)",
      "severity": "WARNING"
    },
    {
      "quarter": "2025-03 (Q1)",
      "signal": "YoY REVENUE GROWTH DECELERATION",
      "detail": "YoY growth: -11.7% vs prior quarter YoY: -2.7% (decel: -9.0%)",
      "severity": "WARNING"
    },
    {
      "quarter": "2025-03 (Q1)",
      "signal": "INCREMENTAL MARGIN (YoY)",
      "detail": "YoY Incr OPM: +88.6% vs year-ago OPM: +12.3%",
      "severity": "HIGH"
    },
    {
      "quarter": "2025-03 (Q1)",
      "signal": "OP MARGIN TURNED POSITIVE (QoQ)",
      "detail": "Op margin: -1.6% -> +2.3%",
      "severity": "HIGH"
    },
    {
      "quarter": "2024-12 (Q4)",
      "signal": "FCF TURNED POSITIVE",
      "detail": "FCF margin: -3.1% -> +29.1%",
      "severity": "HIGH"
    },
    {
      "quarter": "2024-06 (Q2)",
      "signal": "FCF TURNED POSITIVE",
      "detail": "FCF margin: -4.1% -> +3.3%",
      "severity": "HIGH"
    },
    {
      "quarter": "2023-12 (Q4)",
      "signal": "FCF TURNED POSITIVE",
      "detail": "FCF margin: -0.8% -> +16.8%",
      "severity": "HIGH"
    },
    {
      "quarter": "2023-12 (Q4)",
      "signal": "YoY REVENUE GROWTH DECELERATION",
      "detail": "YoY growth: -8.9% vs prior quarter YoY: -2.9% (decel: -5.9%)",
      "severity": "WARNING"
    },
    {
      "quarter": "2023-12 (Q4)",
      "signal": "INCREMENTAL MARGIN (YoY)",
      "detail": "YoY Incr OPM: +73.3% vs year-ago OPM: +11.6%",
      "severity": "HIGH"
    },
    {
      "quarter": "2023-12 (Q4)",
      "signal": "OP MARGIN TURNED POSITIVE (QoQ)",
      "detail": "Op margin: -47.6% -> +5.6%",
      "severity": "HIGH"
    },
    {
      "quarter": "2023-09 (Q3)",
      "signal": "YoY REVENUE GROWTH DECELERATION",
      "detail": "YoY growth: -2.9% vs prior quarter YoY: +9.1% (decel: -12.1%)",
      "severity": "WARNING"
    },
    {
      "quarter": "2023-06 (Q2)",
      "signal": "YoY REVENUE GROWTH ACCELERATION",
      "detail": "YoY growth: +9.1% vs prior quarter YoY: -2.2% (accel: +11.3%)",
      "severity": "MEDIUM"
    },
    {
      "quarter": "2023-03 (Q1)",
      "signal": "FCF MARGIN EXPANSION",
      "detail": "FCF margin: +8.7% -> +13.7% (+5.1%)",
      "severity": "MEDIUM"
    },
    {
      "quarter": "2023-03 (Q1)",
      "signal": "INCREMENTAL MARGIN (YoY)",
      "detail": "YoY Incr OPM: +1145.9% vs year-ago OPM: +32.5%",
      "severity": "HIGH"
    },
    {
      "quarter": "2022-12 (Q4)",
      "signal": "YoY REVENUE GROWTH DECELERATION",
      "detail": "YoY growth: +0.8% vs prior quarter YoY: +8.9% (decel: -8.1%)",
      "severity": "WARNING"
    },
    {
      "quarter": "2022-06 (Q2)",
      "signal": "FCF MARGIN EXPANSION",
      "detail": "FCF margin: +12.4% -> +21.4% (+9.1%)",
      "severity": "MEDIUM"
    },
    {
      "quarter": "2022-06 (Q2)",
      "signal": "YoY REVENUE GROWTH DECELERATION",
      "detail": "YoY growth: +10.4% vs prior quarter YoY: +22.9% (decel: -12.4%)",
      "severity": "WARNING"
    },
    {
      "quarter": "2022-03 (Q1)",
      "signal": "YoY REVENUE GROWTH ACCELERATION",
      "detail": "YoY growth: +22.9% vs prior quarter YoY: +15.3% (accel: +7.5%)",
      "severity": "MEDIUM"
    },
    {
      "quarter": "2022-03 (Q1)",
      "signal": "INCREMENTAL MARGIN (YoY)",
      "detail": "YoY Incr OPM: +61.1% vs year-ago OPM: +26.0%",
      "severity": "HIGH"
    },
    {
      "quarter": "2021-12 (Q4)",
      "signal": "FCF TURNED POSITIVE",
      "detail": "FCF margin: -15.2% -> +31.9%",
      "severity": "HIGH"
    },
    {
      "quarter": "2021-06 (Q2)",
      "signal": "FCF MARGIN EXPANSION",
      "detail": "FCF margin: +14.8% -> +33.0% (+18.3%)",
      "severity": "MEDIUM"
    },
    {
      "quarter": "2021-06 (Q2)",
      "signal": "OPERATING LEVERAGE",
      "detail": "Rev growth +17.7% vs OpEx growth +2.9% (leverage: 6.0x)",
      "severity": "MEDIUM"
    },
    {
      "quarter": "2021-03 (Q1)",
      "signal": "FCF MARGIN EXPANSION",
      "detail": "FCF margin: +7.8% -> +14.8% (+7.0%)",
      "severity": "MEDIUM"
    }
  ],
  "data_quality": {
    "n_quarters": 20,
    "coverage": {
      "revenue": [
        20,
        20
      ],
      "gross_profit": [
        0,
        20
      ],
      "op_income": [
        20,
        20
      ],
      "fcf": [
        20,
        20
      ]
    },
    "gaps": [],
    "warnings": [
      "gross_profit: no data"
    ]
  },
  "market_cap": null,
  "source": "SEC EDGAR",
  "last_updated": "2026-02-02T23:35:36.592785"
}