{
  "ticker": "UPBD",
  "name": "Upbound Group, Inc.",
  "sector": "Technology",
  "industry": "Software - Application",
  "quarters": [
    {
      "date": "2021-03-31T00:00:00",
      "quarter_label": "2021-03 (Q1)",
      "revenue": 1036782000,
      "gross_profit": 510523000,
      "operating_income": 70046000,
      "net_income": 42552000,
      "opex": 440477000,
      "cogs": 526259000,
      "rd": null,
      "sga": null,
      "fcf": 124405000,
      "ocf": 135793000,
      "capex": -11388000,
      "gross_margin": 0.4924111336809474,
      "op_margin": 0.06756097231626321,
      "fcf_margin": 0.11999147361740463
    },
    {
      "date": "2021-06-30T00:00:00",
      "quarter_label": "2021-06 (Q2)",
      "revenue": 1193975000,
      "gross_profit": 587472000,
      "operating_income": 106519000,
      "net_income": 61309000,
      "opex": 480953000,
      "cogs": 606503000,
      "rd": null,
      "sga": null,
      "fcf": 100712000,
      "ocf": 114725000,
      "capex": -14013000,
      "gross_margin": 0.49203040264662157,
      "op_margin": 0.08921376075713477,
      "fcf_margin": 0.08435017483615653,
      "op_leverage_ratio": 1.6499523523915112,
      "fcf_margin_change": -0.035641298781248096
    },
    {
      "date": "2021-09-30T00:00:00",
      "quarter_label": "2021-09 (Q3)",
      "revenue": 1181268000,
      "gross_profit": 568760000,
      "operating_income": 67146000,
      "net_income": 21267000,
      "opex": 501614000,
      "cogs": 612508000,
      "rd": null,
      "sga": null,
      "fcf": 55211000,
      "ocf": 75686000,
      "capex": -20475000,
      "gross_margin": 0.48148261021207717,
      "op_margin": 0.056842308434665124,
      "fcf_margin": 0.046738758689814676,
      "fcf_margin_change": -0.03761141614634186
    },
    {
      "date": "2021-12-31T00:00:00",
      "quarter_label": "2021-12 (Q4)",
      "revenue": 1171426000,
      "gross_profit": 568257000,
      "operating_income": 36828000,
      "net_income": 9812000,
      "opex": 531429000,
      "cogs": 603169000,
      "rd": null,
      "sga": null,
      "fcf": 49520000,
      "ocf": 66094000,
      "capex": -16574000,
      "gross_margin": 0.4850985038747646,
      "op_margin": 0.03143860559693912,
      "fcf_margin": 0.042273263526676035,
      "fcf_margin_change": -0.004465495163138641
    },
    {
      "date": "2022-03-31T00:00:00",
      "quarter_label": "2022-03 (Q1)",
      "revenue": 1159722000,
      "gross_profit": 546095000,
      "operating_income": 11043000,
      "net_income": -4237000,
      "opex": 535052000,
      "cogs": 613627000,
      "rd": null,
      "sga": null,
      "fcf": 188888000,
      "ocf": 205291000,
      "capex": -16403000,
      "gross_margin": 0.47088440160659195,
      "op_margin": 0.009522109609026991,
      "fcf_margin": 0.16287351623923665,
      "incr_op_margin_yoy": -0.4799333007971368,
      "rev_growth_yoy": 0.11857844754249205,
      "fcf_margin_change": 0.12060025271256061
    },
    {
      "date": "2022-06-30T00:00:00",
      "quarter_label": "2022-06 (Q2)",
      "revenue": 1071255000,
      "gross_profit": 532544000,
      "operating_income": 58081000,
      "net_income": 19725000,
      "opex": 474463000,
      "cogs": 538711000,
      "rd": null,
      "sga": null,
      "fcf": 67338000,
      "ocf": 81830000,
      "capex": -14492000,
      "gross_margin": 0.49712160036592595,
      "op_margin": 0.05421771660342309,
      "fcf_margin": 0.06285898315527115,
      "incr_op_margin_yoy": 0.39470338983050846,
      "rev_growth_yoy": -0.10278272158127263,
      "rev_growth_yoy_accel": -0.2213611691237647,
      "fcf_margin_change": -0.1000145330839655
    },
    {
      "date": "2022-09-30T00:00:00",
      "quarter_label": "2022-09 (Q3)",
      "revenue": 1023957000,
      "gross_profit": 505535000,
      "operating_income": 37077000,
      "net_income": -5778000,
      "opex": 468458000,
      "cogs": 518422000,
      "rd": null,
      "sga": null,
      "fcf": 106421000,
      "ocf": 124962000,
      "capex": -18541000,
      "gross_margin": 0.49370725528513404,
      "op_margin": 0.03620952832980291,
      "fcf_margin": 0.10393112210766663,
      "incr_op_margin_yoy": 0.19114365810401052,
      "rev_growth_yoy": -0.13317130405631913,
      "rev_growth_yoy_accel": -0.0303885824750465,
      "fcf_margin_change": 0.041072138952395476
    },
    {
      "date": "2022-12-31T00:00:00",
      "quarter_label": "2022-12 (Q4)",
      "revenue": 990459000,
      "gross_profit": 495359000,
      "operating_income": 42338000,
      "net_income": 2647000,
      "opex": 453021000,
      "cogs": 495100000,
      "rd": null,
      "sga": null,
      "fcf": 44426000,
      "ocf": 56377000,
      "capex": -11951000,
      "gross_margin": 0.5001307474615304,
      "op_margin": 0.04274583804074677,
      "fcf_margin": 0.0448539515517553,
      "incr_op_margin_yoy": -0.030447540159255555,
      "rev_growth_yoy": -0.15448436350226136,
      "rev_growth_yoy_accel": -0.021313059445942223,
      "fcf_margin_change": -0.05907717055591133
    },
    {
      "date": "2023-03-31T00:00:00",
      "quarter_label": "2023-03 (Q1)",
      "revenue": 1016061000,
      "gross_profit": 506264000,
      "operating_income": -35113000,
      "net_income": 47330000,
      "opex": 541377000,
      "cogs": 509797000,
      "rd": null,
      "sga": null,
      "fcf": 95883000,
      "ocf": 105417000,
      "capex": -9534000,
      "gross_margin": 0.49826142328068884,
      "op_margin": -0.034557964531657055,
      "fcf_margin": 0.09436736573886804,
      "incr_op_margin_yoy": 0.3212841341769861,
      "rev_growth_yoy": -0.12387537703001236,
      "rev_growth_yoy_accel": 0.030608986472248995,
      "op_leverage_ratio": 0.13253167244998534,
      "fcf_margin_change": 0.04951341418711275
    },
    {
      "date": "2023-06-30T00:00:00",
      "quarter_label": "2023-06 (Q2)",
      "revenue": 979163000,
      "gross_profit": 506226000,
      "operating_income": 84031000,
      "net_income": -45618000,
      "opex": 422195000,
      "cogs": 472937000,
      "rd": null,
      "sga": null,
      "fcf": 24683000,
      "ocf": 36543000,
      "capex": -11860000,
      "gross_margin": 0.516998701952586,
      "op_margin": 0.08581921498259228,
      "fcf_margin": 0.02520826460967173,
      "incr_op_margin_yoy": -0.281783433957347,
      "rev_growth_yoy": -0.0859664598998371,
      "rev_growth_yoy_accel": 0.03790891713017526,
      "fcf_margin_change": -0.06915910112919632
    },
    {
      "date": "2023-09-30T00:00:00",
      "quarter_label": "2023-09 (Q3)",
      "revenue": 979098000,
      "gross_profit": 497166000,
      "operating_income": 58052000,
      "net_income": 4363000,
      "opex": 439114000,
      "cogs": 481932000,
      "rd": null,
      "sga": null,
      "fcf": 63209000,
      "ocf": 77982000,
      "capex": -14773000,
      "gross_margin": 0.5077796093955865,
      "op_margin": 0.05929130689675599,
      "fcf_margin": 0.06455839966990025,
      "incr_op_margin_yoy": -0.46757618315165295,
      "rev_growth_yoy": -0.043809456842426,
      "rev_growth_yoy_accel": 0.0421570030574111,
      "fcf_margin_change": 0.03935013506022852
    },
    {
      "date": "2023-12-31T00:00:00",
      "quarter_label": "2023-12 (Q4)",
      "revenue": 1018091000,
      "gross_profit": 512602000,
      "operating_income": 55895000,
      "net_income": -11254000,
      "opex": 456707000,
      "cogs": 505489000,
      "rd": null,
      "sga": null,
      "fcf": -36887000,
      "ocf": -19652000,
      "capex": -17235000,
      "gross_margin": 0.5034933026615499,
      "op_margin": 0.054901772041988386,
      "fcf_margin": -0.036231535294978544,
      "incr_op_margin_yoy": 0.49062680949623627,
      "rev_growth_yoy": 0.027898176502005635,
      "rev_growth_yoy_accel": 0.07170763334443164,
      "op_leverage_ratio": 0.9940262820063037,
      "fcf_margin_change": -0.10078993496487879
    },
    {
      "date": "2024-03-31T00:00:00",
      "quarter_label": "2024-03 (Q1)",
      "revenue": 1095967000,
      "gross_profit": 529068000,
      "operating_income": 61762000,
      "net_income": 27687000,
      "opex": 467306000,
      "cogs": 566899000,
      "rd": null,
      "sga": null,
      "fcf": 33604000,
      "ocf": 45421000,
      "capex": -11817000,
      "gross_margin": 0.4827408124514698,
      "op_margin": 0.0563538865677525,
      "fcf_margin": 0.030661507143919478,
      "incr_op_margin_yoy": 1.2123620253798213,
      "rev_growth_yoy": 0.07864291612413034,
      "rev_growth_yoy_accel": 0.0507447396221247,
      "op_leverage_ratio": 3.296019816825076,
      "fcf_margin_change": 0.06689304243889801
    },
    {
      "date": "2024-06-30T00:00:00",
      "quarter_label": "2024-06 (Q2)",
      "revenue": 1076510000,
      "gross_profit": 531959000,
      "operating_income": 80655000,
      "net_income": 33949000,
      "opex": 451304000,
      "cogs": 544551000,
      "rd": null,
      "sga": null,
      "fcf": 613000,
      "ocf": 15040000,
      "capex": -14427000,
      "gross_margin": 0.49415147095707423,
      "op_margin": 0.0749226667657523,
      "fcf_margin": 0.0005694327038299691,
      "incr_op_margin_yoy": -0.03468006204608257,
      "rev_growth_yoy": 0.09941858505682914,
      "rev_growth_yoy_accel": 0.020775668932698804,
      "fcf_margin_change": -0.03009207444008951
    },
    {
      "date": "2024-09-30T00:00:00",
      "quarter_label": "2024-09 (Q3)",
      "revenue": 1068859000,
      "gross_profit": 511086000,
      "operating_income": 70059000,
      "net_income": 30860000,
      "opex": 441027000,
      "cogs": 557773000,
      "rd": null,
      "sga": null,
      "fcf": 88257000,
      "ocf": 106205000,
      "capex": -17948000,
      "gross_margin": 0.47816035604321994,
      "op_margin": 0.06554559581759614,
      "fcf_margin": 0.0825712278233144,
      "incr_op_margin_yoy": 0.13376633504528693,
      "rev_growth_yoy": 0.09167723762074889,
      "rev_growth_yoy_accel": -0.007741347436080251,
      "fcf_margin_change": 0.08200179511948442
    },
    {
      "date": "2024-12-31T00:00:00",
      "quarter_label": "2024-12 (Q4)",
      "revenue": 1079228000,
      "gross_profit": 508238000,
      "operating_income": 79155000,
      "net_income": 30982000,
      "opex": 429083000,
      "cogs": 570990000,
      "rd": null,
      "sga": null,
      "fcf": -74028000,
      "ocf": -61945000,
      "capex": -12083000,
      "gross_margin": 0.4709273665990875,
      "op_margin": 0.0733440941117169,
      "fcf_margin": -0.06859347607734417,
      "incr_op_margin_yoy": 0.3804570063954725,
      "rev_growth_yoy": 0.060050624158351266,
      "rev_growth_yoy_accel": -0.031626613462397625,
      "fcf_margin_change": -0.15116470390065856
    },
    {
      "date": "2025-03-31T00:00:00",
      "quarter_label": "2025-03 (Q1)",
      "revenue": 1176363000,
      "gross_profit": 550129000,
      "operating_income": 62615000,
      "net_income": 24793000,
      "opex": 487514000,
      "cogs": 626234000,
      "rd": null,
      "sga": null,
      "fcf": 127160000,
      "ocf": 137736000,
      "capex": -10576000,
      "gross_margin": 0.4676524168135176,
      "op_margin": 0.053227617665635524,
      "fcf_margin": 0.10809588536871696,
      "incr_op_margin_yoy": 0.010609980596049555,
      "rev_growth_yoy": 0.07335622331694294,
      "rev_growth_yoy_accel": 0.013305599158591676,
      "op_leverage_ratio": 0.6609377072625958,
      "fcf_margin_change": 0.17668936144606112
    },
    {
      "date": "2025-06-30T00:00:00",
      "quarter_label": "2025-06 (Q2)",
      "revenue": 1157536000,
      "gross_profit": 571825000,
      "operating_income": 50734000,
      "net_income": 15485000,
      "opex": 521091000,
      "cogs": 585711000,
      "rd": null,
      "sga": null,
      "fcf": -10433000,
      "ocf": 7814000,
      "capex": -18247000,
      "gross_margin": 0.49400191441130126,
      "op_margin": 0.04382930638874299,
      "fcf_margin": -0.00901311060735908,
      "incr_op_margin_yoy": -0.36927652852170906,
      "rev_growth_yoy": 0.07526729895681415,
      "rev_growth_yoy_accel": 0.0019110756398712098,
      "fcf_margin_change": -0.11710899597607605
    },
    {
      "date": "2025-09-30T00:00:00",
      "quarter_label": "2025-09 (Q3)",
      "revenue": 1164717000,
      "gross_profit": 563076000,
      "operating_income": 52753000,
      "net_income": 13221000,
      "opex": 510323000,
      "cogs": 601641000,
      "rd": null,
      "sga": null,
      "fcf": 97933000,
      "ocf": 118437000,
      "capex": -20504000,
      "gross_margin": 0.48344447621181796,
      "op_margin": 0.04529254746002677,
      "fcf_margin": 0.08408308627761078,
      "incr_op_margin_yoy": -0.18053787894594087,
      "rev_growth_yoy": 0.08968254933531924,
      "rev_growth_yoy_accel": 0.014415250378505093,
      "fcf_margin_change": 0.09309619688496987
    },
    {
      "date": "2025-12-31T00:00:00",
      "quarter_label": "2025-12 (Q4)",
      "revenue": 1196445000,
      "gross_profit": 586679000,
      "operating_income": 57245000,
      "net_income": 19743000,
      "opex": 529434000,
      "cogs": 609766000,
      "rd": null,
      "sga": null,
      "fcf": 24048000,
      "ocf": 41584000,
      "capex": -17536000,
      "gross_margin": 0.4903518339748171,
      "op_margin": 0.047845910175561765,
      "fcf_margin": 0.020099544901771498,
      "incr_op_margin_yoy": -0.18691827977170547,
      "rev_growth_yoy": 0.10861189665205129,
      "rev_growth_yoy_accel": 0.018929347316732043,
      "op_leverage_ratio": 0.7274179475399943,
      "fcf_margin_change": -0.06398354137583928
    }
  ],
  "signals": [
    {
      "quarter": "2025-09 (Q3)",
      "signal": "FCF TURNED POSITIVE",
      "detail": "FCF margin: -0.9% -> +8.4%",
      "severity": "HIGH"
    },
    {
      "quarter": "2025-06 (Q2)",
      "signal": "GROSS MARGIN INFLECTION",
      "detail": "GM: +47.1% -> +46.8% -> +49.4% (reversal +2.6%)",
      "severity": "MEDIUM"
    },
    {
      "quarter": "2025-03 (Q1)",
      "signal": "FCF TURNED POSITIVE",
      "detail": "FCF margin: -6.9% -> +10.8%",
      "severity": "HIGH"
    },
    {
      "quarter": "2024-12 (Q4)",
      "signal": "INCREMENTAL MARGIN (YoY)",
      "detail": "YoY Incr OPM: +38.0% vs year-ago OPM: +5.5%",
      "severity": "HIGH"
    },
    {
      "quarter": "2024-09 (Q3)",
      "signal": "FCF MARGIN EXPANSION",
      "detail": "FCF margin: +0.1% -> +8.3% (+8.2%)",
      "severity": "MEDIUM"
    },
    {
      "quarter": "2024-03 (Q1)",
      "signal": "FCF TURNED POSITIVE",
      "detail": "FCF margin: -3.6% -> +3.1%",
      "severity": "HIGH"
    },
    {
      "quarter": "2024-03 (Q1)",
      "signal": "OPERATING LEVERAGE",
      "detail": "Rev growth +7.6% vs OpEx growth +2.3% (leverage: 3.3x)",
      "severity": "MEDIUM"
    },
    {
      "quarter": "2024-03 (Q1)",
      "signal": "YoY REVENUE GROWTH ACCELERATION",
      "detail": "YoY growth: +7.9% vs prior quarter YoY: +2.8% (accel: +5.1%)",
      "severity": "MEDIUM"
    },
    {
      "quarter": "2024-03 (Q1)",
      "signal": "OP MARGIN TURNED POSITIVE (YoY)",
      "detail": "Op margin: -3.5% (year-ago) -> +5.6%",
      "severity": "HIGH"
    },
    {
      "quarter": "2023-12 (Q4)",
      "signal": "YoY REVENUE GROWTH ACCELERATION",
      "detail": "YoY growth: +2.8% vs prior quarter YoY: -4.4% (accel: +7.2%)",
      "severity": "MEDIUM"
    },
    {
      "quarter": "2023-12 (Q4)",
      "signal": "INCREMENTAL MARGIN (YoY)",
      "detail": "YoY Incr OPM: +49.1% vs year-ago OPM: +4.3%",
      "severity": "HIGH"
    },
    {
      "quarter": "2023-06 (Q2)",
      "signal": "OP MARGIN TURNED POSITIVE (QoQ)",
      "detail": "Op margin: -3.5% -> +8.6%",
      "severity": "HIGH"
    },
    {
      "quarter": "2022-09 (Q3)",
      "signal": "INCREMENTAL MARGIN (YoY)",
      "detail": "YoY Incr OPM: +19.1% vs year-ago OPM: +5.7%",
      "severity": "MEDIUM"
    },
    {
      "quarter": "2022-06 (Q2)",
      "signal": "GROSS MARGIN INFLECTION",
      "detail": "GM: +48.5% -> +47.1% -> +49.7% (reversal +2.6%)",
      "severity": "MEDIUM"
    },
    {
      "quarter": "2022-06 (Q2)",
      "signal": "YoY REVENUE GROWTH DECELERATION",
      "detail": "YoY growth: -10.3% vs prior quarter YoY: +11.9% (decel: -22.1%)",
      "severity": "WARNING"
    },
    {
      "quarter": "2022-06 (Q2)",
      "signal": "INCREMENTAL MARGIN (YoY)",
      "detail": "YoY Incr OPM: +39.5% vs year-ago OPM: +8.9%",
      "severity": "HIGH"
    },
    {
      "quarter": "2022-03 (Q1)",
      "signal": "FCF MARGIN EXPANSION",
      "detail": "FCF margin: +4.2% -> +16.3% (+12.1%)",
      "severity": "MEDIUM"
    },
    {
      "quarter": "2021-06 (Q2)",
      "signal": "OPERATING LEVERAGE",
      "detail": "Rev growth +15.2% vs OpEx growth +9.2% (leverage: 1.6x)",
      "severity": "MEDIUM"
    }
  ],
  "data_quality": {
    "n_quarters": 20,
    "coverage": {
      "revenue": [
        20,
        20
      ],
      "gross_profit": [
        20,
        20
      ],
      "op_income": [
        20,
        20
      ],
      "fcf": [
        20,
        20
      ]
    },
    "gaps": [],
    "warnings": []
  },
  "market_cap": null,
  "source": "SEC EDGAR",
  "last_updated": "2026-02-24T10:09:52.404569"
}