{
  "ticker": "UPLD",
  "name": "UPLAND SOFTWARE, INC.",
  "quarters": [
    {
      "date": "2020-12-31T00:00:00",
      "quarter_label": "2020-12 (Q4)",
      "revenue": 78247000,
      "gross_profit": 51257000,
      "operating_income": 1135000,
      "net_income": -5669000,
      "opex": 50122000,
      "cogs": 26990000,
      "rd": 8694000,
      "sga": null,
      "fcf": 21187000,
      "ocf": 21468000,
      "capex": -281000,
      "gross_margin": 0.655066647922604,
      "op_margin": 0.014505348447863817,
      "fcf_margin": 0.270770764374353
    },
    {
      "date": "2021-03-31T00:00:00",
      "quarter_label": "2021-03 (Q1)",
      "revenue": 73969000,
      "gross_profit": 49542000,
      "operating_income": -17528000,
      "net_income": -20684000,
      "opex": 67070000,
      "cogs": 24427000,
      "rd": 10940000,
      "sga": null,
      "fcf": 12221000,
      "ocf": 12503000,
      "capex": -282000,
      "gross_margin": 0.6697670645811084,
      "op_margin": -0.236964133623545,
      "fcf_margin": 0.16521786153658966,
      "fcf_margin_change": -0.10555290283776333
    },
    {
      "date": "2021-06-30T00:00:00",
      "quarter_label": "2021-06 (Q2)",
      "revenue": 76264000,
      "gross_profit": 51252000,
      "operating_income": -9163000,
      "net_income": -19042000,
      "opex": 60415000,
      "cogs": 25012000,
      "rd": 11113000,
      "sga": null,
      "fcf": 10580000,
      "ocf": 10805000,
      "capex": -225000,
      "gross_margin": 0.6720339872023497,
      "op_margin": -0.12014843176334837,
      "fcf_margin": 0.13872862687506557,
      "op_leverage_ratio": Infinity,
      "fcf_margin_change": -0.026489234661524086
    },
    {
      "date": "2021-09-30T00:00:00",
      "quarter_label": "2021-09 (Q3)",
      "revenue": 76053000,
      "gross_profit": 51237000,
      "operating_income": -5742000,
      "net_income": -11015000,
      "opex": 56979000,
      "cogs": 24816000,
      "rd": 10441000,
      "sga": null,
      "fcf": 4880000,
      "ocf": 5338000,
      "capex": -458000,
      "gross_margin": 0.6737012346652992,
      "op_margin": -0.07549998027691215,
      "fcf_margin": 0.06416577912771357,
      "fcf_margin_change": -0.074562847747352
    },
    {
      "date": "2021-12-31T00:00:00",
      "quarter_label": "2021-12 (Q4)",
      "revenue": 75730000,
      "gross_profit": 50532000,
      "operating_income": -2244000,
      "net_income": -7471000,
      "opex": 52776000,
      "cogs": 25198000,
      "rd": 10199000,
      "sga": null,
      "fcf": 12942000,
      "ocf": 13092000,
      "capex": -150000,
      "gross_margin": 0.6672652845635811,
      "op_margin": -0.029631585897266607,
      "fcf_margin": 0.17089660636471676,
      "incr_op_margin_yoy": 1.342471195868097,
      "rev_growth_yoy": -0.03216736743900725,
      "fcf_margin_change": 0.1067308272370032
    },
    {
      "date": "2022-03-31T00:00:00",
      "quarter_label": "2022-03 (Q1)",
      "revenue": 78716000,
      "gross_profit": 53961000,
      "operating_income": -14777000,
      "net_income": -22831000,
      "opex": 68738000,
      "cogs": 24755000,
      "rd": 12067000,
      "sga": null,
      "fcf": 8046000,
      "ocf": 8222000,
      "capex": -176000,
      "gross_margin": 0.6855150160069109,
      "op_margin": -0.1877254941816149,
      "fcf_margin": 0.10221555973372631,
      "incr_op_margin_yoy": 0.5795239098377923,
      "rev_growth_yoy": 0.06417553299355135,
      "rev_growth_yoy_accel": 0.0963429004325586,
      "op_leverage_ratio": 0.13036800245558772,
      "fcf_margin_change": -0.06868104663099045
    },
    {
      "date": "2022-06-30T00:00:00",
      "quarter_label": "2022-06 (Q2)",
      "revenue": 80227000,
      "gross_profit": 53674000,
      "operating_income": -10888000,
      "net_income": -16393000,
      "opex": 64562000,
      "cogs": 26553000,
      "rd": 11676000,
      "sga": null,
      "fcf": 13917000,
      "ocf": 14038000,
      "capex": -121000,
      "gross_margin": 0.6690266369177459,
      "op_margin": -0.1357149089458661,
      "fcf_margin": 0.17347027808593116,
      "incr_op_margin_yoy": -0.43527630582891746,
      "rev_growth_yoy": 0.051964229518514635,
      "rev_growth_yoy_accel": -0.012211303475036711,
      "op_leverage_ratio": Infinity,
      "fcf_margin_change": 0.07125471835220484
    },
    {
      "date": "2022-09-30T00:00:00",
      "quarter_label": "2022-09 (Q3)",
      "revenue": 79549000,
      "gross_profit": 53823000,
      "operating_income": -554000,
      "net_income": -6513000,
      "opex": 54377000,
      "cogs": 25726000,
      "rd": 11645000,
      "sga": null,
      "fcf": 1457000,
      "ocf": 1878000,
      "capex": -421000,
      "gross_margin": 0.6766018428892884,
      "op_margin": -0.006964261021508756,
      "fcf_margin": 0.01831575506920263,
      "incr_op_margin_yoy": 1.4839816933638443,
      "rev_growth_yoy": 0.045967943407886604,
      "rev_growth_yoy_accel": -0.005996286110628031,
      "fcf_margin_change": -0.15515452301672852
    },
    {
      "date": "2022-12-31T00:00:00",
      "quarter_label": "2022-12 (Q4)",
      "revenue": 78811000,
      "gross_profit": 52104000,
      "operating_income": -14009000,
      "net_income": -22676000,
      "opex": 66113000,
      "cogs": 26707000,
      "rd": 10799000,
      "sga": null,
      "fcf": 5693000,
      "ocf": 5841000,
      "capex": -148000,
      "gross_margin": 0.6611259849513392,
      "op_margin": -0.1777543743893619,
      "fcf_margin": 0.07223610917257743,
      "incr_op_margin_yoy": -3.818565400843882,
      "rev_growth_yoy": 0.04068400897926845,
      "rev_growth_yoy_accel": -0.005283934428618152,
      "fcf_margin_change": 0.0539203541033748
    },
    {
      "date": "2023-03-31T00:00:00",
      "quarter_label": "2023-03 (Q1)",
      "revenue": 77056000,
      "gross_profit": 51520000,
      "operating_income": -137431000,
      "net_income": -140045000,
      "opex": 188951000,
      "cogs": 25536000,
      "rd": 12530000,
      "sga": null,
      "fcf": 15610000,
      "ocf": 15825000,
      "capex": -215000,
      "gross_margin": 0.6686046511627907,
      "op_margin": -1.7835210755813953,
      "fcf_margin": 0.20257994186046513,
      "incr_op_margin_yoy": 73.88795180722892,
      "rev_growth_yoy": -0.021088469942578382,
      "rev_growth_yoy_accel": -0.061772478921846834,
      "fcf_margin_change": 0.13034383268788768
    },
    {
      "date": "2023-06-30T00:00:00",
      "quarter_label": "2023-06 (Q2)",
      "revenue": 74497000,
      "gross_profit": 50319000,
      "operating_income": -9387000,
      "net_income": -15147000,
      "opex": 59706000,
      "cogs": 24178000,
      "rd": 12443000,
      "sga": null,
      "fcf": 6733000,
      "ocf": 7022000,
      "capex": -289000,
      "gross_margin": 0.675450018121535,
      "op_margin": -0.1260050740298267,
      "fcf_margin": 0.09037947836825644,
      "incr_op_margin_yoy": -0.2619546247818499,
      "rev_growth_yoy": -0.07142233911276752,
      "rev_growth_yoy_accel": -0.05033386917018914,
      "fcf_margin_change": -0.11220046349220869
    },
    {
      "date": "2023-09-30T00:00:00",
      "quarter_label": "2023-09 (Q3)",
      "revenue": 74121000,
      "gross_profit": 51183000,
      "operating_income": -7719000,
      "net_income": -8670000,
      "opex": 58902000,
      "cogs": 22938000,
      "rd": 12740000,
      "sga": null,
      "fcf": 17777000,
      "ocf": 18307000,
      "capex": -530000,
      "gross_margin": 0.6905330473145262,
      "op_margin": -0.10414052697616061,
      "fcf_margin": 0.23983756290390038,
      "incr_op_margin_yoy": 1.3200073691967575,
      "rev_growth_yoy": -0.06823467296886196,
      "rev_growth_yoy_accel": 0.00318766614390556,
      "fcf_margin_change": 0.14945808453564394
    },
    {
      "date": "2023-12-31T00:00:00",
      "quarter_label": "2023-12 (Q4)",
      "revenue": 72178000,
      "gross_profit": 48469000,
      "operating_income": -9382000,
      "net_income": -16012000,
      "opex": 57851000,
      "cogs": 23709000,
      "rd": 11662000,
      "sga": null,
      "fcf": 8603000,
      "ocf": 8789000,
      "capex": -186000,
      "gross_margin": 0.6715204078805176,
      "op_margin": -0.12998420571365235,
      "fcf_margin": 0.11919144337609798,
      "incr_op_margin_yoy": -0.6975727423488618,
      "rev_growth_yoy": -0.0841633782086257,
      "rev_growth_yoy_accel": -0.015928705239763738,
      "fcf_margin_change": -0.1206461195278024
    },
    {
      "date": "2024-03-31T00:00:00",
      "quarter_label": "2024-03 (Q1)",
      "revenue": 70736000,
      "gross_profit": 49687000,
      "operating_income": -91641000,
      "net_income": -96130000,
      "opex": 141328000,
      "cogs": 21049000,
      "rd": 12455000,
      "sga": null,
      "fcf": 4938000,
      "ocf": 5121000,
      "capex": -183000,
      "gross_margin": 0.7024287491517757,
      "op_margin": -1.2955355123275276,
      "fcf_margin": 0.06980886677222348,
      "incr_op_margin_yoy": -7.245253164556962,
      "rev_growth_yoy": -0.08201827242524917,
      "rev_growth_yoy_accel": 0.0021451057833765247,
      "fcf_margin_change": -0.0493825766038745
    },
    {
      "date": "2024-06-30T00:00:00",
      "quarter_label": "2024-06 (Q2)",
      "revenue": 69339000,
      "gross_profit": 48865000,
      "operating_income": -5371000,
      "net_income": -11439000,
      "opex": 54236000,
      "cogs": 20474000,
      "rd": 12185000,
      "sga": null,
      "fcf": 5196000,
      "ocf": 5470000,
      "capex": -274000,
      "gross_margin": 0.7047260560434965,
      "op_margin": -0.07746001528721211,
      "fcf_margin": 0.07493618310041968,
      "incr_op_margin_yoy": -0.778596355176425,
      "rev_growth_yoy": -0.06923768742365465,
      "rev_growth_yoy_accel": 0.012780585001594527,
      "fcf_margin_change": 0.005127316328196199
    },
    {
      "date": "2024-09-30T00:00:00",
      "quarter_label": "2024-09 (Q3)",
      "revenue": 66692000,
      "gross_profit": 46987000,
      "operating_income": -3311000,
      "net_income": -1733000,
      "opex": 50298000,
      "cogs": 19705000,
      "rd": 11432000,
      "sga": null,
      "fcf": 4202000,
      "ocf": 4307000,
      "capex": -105000,
      "gross_margin": 0.7045372758351827,
      "op_margin": -0.049646134468901815,
      "fcf_margin": 0.06300605769807473,
      "incr_op_margin_yoy": -0.5933503836317136,
      "rev_growth_yoy": -0.1002280055584787,
      "rev_growth_yoy_accel": -0.030990318134824058,
      "fcf_margin_change": -0.011930125402344949
    },
    {
      "date": "2024-12-31T00:00:00",
      "quarter_label": "2024-12 (Q4)",
      "revenue": 68027000,
      "gross_profit": 48163000,
      "operating_income": -1972000,
      "net_income": -3430000,
      "opex": 50135000,
      "cogs": 19864000,
      "rd": 11293000,
      "sga": null,
      "fcf": 9021000,
      "ocf": 9341000,
      "capex": -320000,
      "gross_margin": 0.7079982947947139,
      "op_margin": -0.028988489864318578,
      "fcf_margin": 0.13260911108824439,
      "incr_op_margin_yoy": -1.785112021199711,
      "rev_growth_yoy": -0.057510598797417496,
      "rev_growth_yoy_accel": 0.04271740676106121,
      "op_leverage_ratio": Infinity,
      "fcf_margin_change": 0.06960305339016966
    },
    {
      "date": "2025-03-31T00:00:00",
      "quarter_label": "2025-03 (Q1)",
      "revenue": 63655000,
      "gross_profit": 45607000,
      "operating_income": -1052000,
      "net_income": -25848000,
      "opex": 46659000,
      "cogs": 18048000,
      "rd": 11542000,
      "sga": null,
      "fcf": 7881000,
      "ocf": 8305000,
      "capex": -424000,
      "gross_margin": 0.7164716047443249,
      "op_margin": -0.01652658864189773,
      "fcf_margin": 0.12380802764904564,
      "incr_op_margin_yoy": -12.79324954102528,
      "rev_growth_yoy": -0.10010461434064691,
      "rev_growth_yoy_accel": -0.04259401554322941,
      "fcf_margin_change": -0.008801083439198748
    },
    {
      "date": "2025-06-30T00:00:00",
      "quarter_label": "2025-06 (Q2)",
      "revenue": 53383000,
      "gross_profit": 39948000,
      "operating_income": -7035000,
      "net_income": -13029000,
      "opex": 46983000,
      "cogs": 13435000,
      "rd": 9781000,
      "sga": null,
      "fcf": 2655000,
      "ocf": 3289000,
      "capex": -634000,
      "gross_margin": 0.7483281194387726,
      "op_margin": -0.13178352659086226,
      "fcf_margin": 0.04973493434239364,
      "incr_op_margin_yoy": 0.10428678866883931,
      "rev_growth_yoy": -0.23011580784262825,
      "rev_growth_yoy_accel": -0.13001119350198134,
      "fcf_margin_change": -0.07407309330665199
    },
    {
      "date": "2025-09-30T00:00:00",
      "quarter_label": "2025-09 (Q3)",
      "revenue": 50526000,
      "gross_profit": 38849000,
      "operating_income": 5348000,
      "net_income": -1122000,
      "opex": 33501000,
      "cogs": 11677000,
      "rd": 7872000,
      "sga": null,
      "fcf": 6681000,
      "ocf": 6888000,
      "capex": -207000,
      "gross_margin": 0.7688912639037327,
      "op_margin": 0.10584649487392629,
      "fcf_margin": 0.13222895143094646,
      "incr_op_margin_yoy": -0.5356303352715576,
      "rev_growth_yoy": -0.24239788880225513,
      "rev_growth_yoy_accel": -0.012282080959626879,
      "fcf_margin_change": 0.0824940170885528
    }
  ],
  "signals": [
    {
      "quarter": "2025-09 (Q3)",
      "signal": "FCF MARGIN EXPANSION",
      "detail": "FCF margin: +5.0% -> +13.2% (+8.2%)",
      "severity": "MEDIUM"
    },
    {
      "quarter": "2025-09 (Q3)",
      "signal": "OP MARGIN TURNED POSITIVE (YoY)",
      "detail": "Op margin: -5.0% (year-ago) -> +10.6%",
      "severity": "HIGH"
    },
    {
      "quarter": "2025-09 (Q3)",
      "signal": "OP MARGIN TURNED POSITIVE (QoQ)",
      "detail": "Op margin: -13.2% -> +10.6%",
      "severity": "HIGH"
    },
    {
      "quarter": "2025-06 (Q2)",
      "signal": "YoY REVENUE GROWTH DECELERATION",
      "detail": "YoY growth: -23.0% vs prior quarter YoY: -10.0% (decel: -13.0%)",
      "severity": "WARNING"
    },
    {
      "quarter": "2024-12 (Q4)",
      "signal": "FCF MARGIN EXPANSION",
      "detail": "FCF margin: +6.3% -> +13.3% (+7.0%)",
      "severity": "MEDIUM"
    },
    {
      "quarter": "2024-03 (Q1)",
      "signal": "GROSS MARGIN INFLECTION",
      "detail": "GM: +69.1% -> +67.2% -> +70.2% (reversal +3.1%)",
      "severity": "MEDIUM"
    },
    {
      "quarter": "2023-09 (Q3)",
      "signal": "FCF MARGIN EXPANSION",
      "detail": "FCF margin: +9.0% -> +24.0% (+14.9%)",
      "severity": "MEDIUM"
    },
    {
      "quarter": "2023-06 (Q2)",
      "signal": "YoY REVENUE GROWTH DECELERATION",
      "detail": "YoY growth: -7.1% vs prior quarter YoY: -2.1% (decel: -5.0%)",
      "severity": "WARNING"
    },
    {
      "quarter": "2023-03 (Q1)",
      "signal": "FCF MARGIN EXPANSION",
      "detail": "FCF margin: +7.2% -> +20.3% (+13.0%)",
      "severity": "MEDIUM"
    },
    {
      "quarter": "2023-03 (Q1)",
      "signal": "YoY REVENUE GROWTH DECELERATION",
      "detail": "YoY growth: -2.1% vs prior quarter YoY: +4.1% (decel: -6.2%)",
      "severity": "WARNING"
    },
    {
      "quarter": "2022-12 (Q4)",
      "signal": "FCF MARGIN EXPANSION",
      "detail": "FCF margin: +1.8% -> +7.2% (+5.4%)",
      "severity": "MEDIUM"
    },
    {
      "quarter": "2022-06 (Q2)",
      "signal": "FCF MARGIN EXPANSION",
      "detail": "FCF margin: +10.2% -> +17.3% (+7.1%)",
      "severity": "MEDIUM"
    },
    {
      "quarter": "2022-03 (Q1)",
      "signal": "YoY REVENUE GROWTH ACCELERATION",
      "detail": "YoY growth: +6.4% vs prior quarter YoY: -3.2% (accel: +9.6%)",
      "severity": "MEDIUM"
    },
    {
      "quarter": "2021-12 (Q4)",
      "signal": "FCF MARGIN EXPANSION",
      "detail": "FCF margin: +6.4% -> +17.1% (+10.7%)",
      "severity": "MEDIUM"
    }
  ],
  "data_quality": {
    "n_quarters": 20,
    "coverage": {
      "revenue": [
        20,
        20
      ],
      "gross_profit": [
        20,
        20
      ],
      "op_income": [
        20,
        20
      ],
      "fcf": [
        20,
        20
      ]
    },
    "gaps": [],
    "warnings": []
  },
  "market_cap": null,
  "source": "SEC EDGAR",
  "last_updated": "2026-02-02T23:43:43.488927"
}