{
  "ticker": "UPS",
  "name": "United Parcel Service, Inc.",
  "quarters": [
    {
      "date": "2020-12-31T00:00:00",
      "quarter_label": "2020-12 (Q4)",
      "revenue": 24896000000,
      "gross_profit": null,
      "operating_income": 2037000000,
      "net_income": -3347000000,
      "opex": 22859000000,
      "cogs": null,
      "rd": null,
      "sga": null,
      "fcf": -1017000000,
      "ocf": 1176000000,
      "capex": -2193000000,
      "gross_margin": null,
      "op_margin": 0.08182037275064268,
      "fcf_margin": -0.040849935732647814
    },
    {
      "date": "2021-03-31T00:00:00",
      "quarter_label": "2021-03 (Q1)",
      "revenue": 22908000000,
      "gross_profit": null,
      "operating_income": 2765000000,
      "net_income": 4792000000,
      "opex": 20143000000,
      "cogs": null,
      "rd": null,
      "sga": null,
      "fcf": 3697000000,
      "ocf": 4531000000,
      "capex": -834000000,
      "gross_margin": null,
      "op_margin": 0.12070019207263838,
      "fcf_margin": 0.1613846691112275,
      "fcf_margin_change": 0.20223460484387532
    },
    {
      "date": "2021-06-30T00:00:00",
      "quarter_label": "2021-06 (Q2)",
      "revenue": 23424000000,
      "gross_profit": null,
      "operating_income": 3258000000,
      "net_income": 2676000000,
      "opex": 20166000000,
      "cogs": null,
      "rd": null,
      "sga": null,
      "fcf": 3087000000,
      "ocf": 3923000000,
      "capex": -836000000,
      "gross_margin": null,
      "op_margin": 0.13908811475409835,
      "fcf_margin": 0.1317879098360656,
      "op_leverage_ratio": 19.726900038718203,
      "fcf_margin_change": -0.02959675927516192
    },
    {
      "date": "2021-09-30T00:00:00",
      "quarter_label": "2021-09 (Q3)",
      "revenue": 23184000000,
      "gross_profit": null,
      "operating_income": 2896000000,
      "net_income": 2329000000,
      "opex": 20288000000,
      "cogs": null,
      "rd": null,
      "sga": null,
      "fcf": 2407000000,
      "ocf": 3307000000,
      "capex": -900000000,
      "gross_margin": null,
      "op_margin": 0.12491373360938578,
      "fcf_margin": 0.10382160110420979,
      "fcf_margin_change": -0.027966308731855793
    },
    {
      "date": "2021-12-31T00:00:00",
      "quarter_label": "2021-12 (Q4)",
      "revenue": 27771000000,
      "gross_profit": null,
      "operating_income": 3891000000,
      "net_income": 3093000000,
      "opex": 23880000000,
      "cogs": null,
      "rd": null,
      "sga": null,
      "fcf": 1622000000,
      "ocf": 3246000000,
      "capex": -1624000000,
      "gross_margin": null,
      "op_margin": 0.1401101868856001,
      "fcf_margin": 0.05840625112527457,
      "incr_op_margin_yoy": 0.6448695652173912,
      "rev_growth_yoy": 0.11548039845758355,
      "op_leverage_ratio": 1.117489060115186,
      "fcf_margin_change": -0.045415349978935225
    },
    {
      "date": "2022-03-31T00:00:00",
      "quarter_label": "2022-03 (Q1)",
      "revenue": 24378000000,
      "gross_profit": null,
      "operating_income": 3251000000,
      "net_income": 2662000000,
      "opex": 21127000000,
      "cogs": null,
      "rd": null,
      "sga": null,
      "fcf": 3932000000,
      "ocf": 4480000000,
      "capex": -548000000,
      "gross_margin": null,
      "op_margin": 0.13335794568873574,
      "fcf_margin": 0.16129296907047339,
      "incr_op_margin_yoy": 0.3306122448979592,
      "rev_growth_yoy": 0.0641697223677318,
      "rev_growth_yoy_accel": -0.05131067608985175,
      "fcf_margin_change": 0.10288671794519882
    },
    {
      "date": "2022-06-30T00:00:00",
      "quarter_label": "2022-06 (Q2)",
      "revenue": 24766000000,
      "gross_profit": null,
      "operating_income": 3535000000,
      "net_income": 2849000000,
      "opex": 21231000000,
      "cogs": null,
      "rd": null,
      "sga": null,
      "fcf": 2973000000,
      "ocf": 3813000000,
      "capex": -840000000,
      "gross_margin": null,
      "op_margin": 0.142736009044658,
      "fcf_margin": 0.12004360817249454,
      "incr_op_margin_yoy": 0.20640834575260805,
      "rev_growth_yoy": 0.057291666666666664,
      "rev_growth_yoy_accel": -0.0068780557010651375,
      "op_leverage_ratio": 3.2332415103151013,
      "fcf_margin_change": -0.04124936089797884
    },
    {
      "date": "2022-09-30T00:00:00",
      "quarter_label": "2022-09 (Q3)",
      "revenue": 24161000000,
      "gross_profit": null,
      "operating_income": 3113000000,
      "net_income": 2584000000,
      "opex": 21048000000,
      "cogs": null,
      "rd": null,
      "sga": null,
      "fcf": 1589000000,
      "ocf": 2479000000,
      "capex": -890000000,
      "gross_margin": null,
      "op_margin": 0.1288440048011258,
      "fcf_margin": 0.06576714539961094,
      "incr_op_margin_yoy": 0.22210849539406347,
      "rev_growth_yoy": 0.042141131815044856,
      "rev_growth_yoy_accel": -0.015150534851621808,
      "fcf_margin_change": -0.0542764627728836
    },
    {
      "date": "2022-12-31T00:00:00",
      "quarter_label": "2022-12 (Q4)",
      "revenue": 27033000000,
      "gross_profit": null,
      "operating_income": 3195000000,
      "net_income": 3453000000,
      "opex": 23838000000,
      "cogs": null,
      "rd": null,
      "sga": null,
      "fcf": 841000000,
      "ocf": 3332000000,
      "capex": -2491000000,
      "gross_margin": null,
      "op_margin": 0.1181888802574631,
      "fcf_margin": 0.031110124662449598,
      "incr_op_margin_yoy": 0.943089430894309,
      "rev_growth_yoy": -0.02657448417413849,
      "rev_growth_yoy_accel": -0.06871561598918335,
      "op_leverage_ratio": 0.8967598631581242,
      "fcf_margin_change": -0.03465702073716134
    },
    {
      "date": "2023-03-31T00:00:00",
      "quarter_label": "2023-03 (Q1)",
      "revenue": 22925000000,
      "gross_profit": null,
      "operating_income": 2541000000,
      "net_income": 1895000000,
      "opex": 20384000000,
      "cogs": null,
      "rd": null,
      "sga": null,
      "fcf": 1748000000,
      "ocf": 2357000000,
      "capex": -609000000,
      "gross_margin": null,
      "op_margin": 0.11083969465648855,
      "fcf_margin": 0.07624863685932388,
      "incr_op_margin_yoy": 0.48864418444597385,
      "rev_growth_yoy": -0.05960292066617442,
      "rev_growth_yoy_accel": -0.03302843649203593,
      "fcf_margin_change": 0.045138512196874286
    },
    {
      "date": "2023-06-30T00:00:00",
      "quarter_label": "2023-06 (Q2)",
      "revenue": 22055000000,
      "gross_profit": null,
      "operating_income": 2780000000,
      "net_income": 2081000000,
      "opex": 19275000000,
      "cogs": null,
      "rd": null,
      "sga": null,
      "fcf": 2026000000,
      "ocf": 3237000000,
      "capex": -1211000000,
      "gross_margin": null,
      "op_margin": 0.1260485150759465,
      "fcf_margin": 0.0918612559510315,
      "incr_op_margin_yoy": 0.2784950202877167,
      "rev_growth_yoy": -0.10946458854881692,
      "rev_growth_yoy_accel": -0.049861667882642506,
      "fcf_margin_change": 0.015612619091707622
    },
    {
      "date": "2023-09-30T00:00:00",
      "quarter_label": "2023-09 (Q3)",
      "revenue": 21061000000,
      "gross_profit": null,
      "operating_income": 1343000000,
      "net_income": 1127000000,
      "opex": 19718000000,
      "cogs": null,
      "rd": null,
      "sga": null,
      "fcf": 944000000,
      "ocf": 2233000000,
      "capex": -1289000000,
      "gross_margin": null,
      "op_margin": 0.06376715255685865,
      "fcf_margin": 0.04482218318218508,
      "incr_op_margin_yoy": 0.5709677419354838,
      "rev_growth_yoy": -0.12830594760150657,
      "rev_growth_yoy_accel": -0.018841359052689646,
      "fcf_margin_change": -0.047039072768846425
    },
    {
      "date": "2023-12-31T00:00:00",
      "quarter_label": "2023-12 (Q4)",
      "revenue": 24917000000,
      "gross_profit": null,
      "operating_income": 2477000000,
      "net_income": 1605000000,
      "opex": 22440000000,
      "cogs": null,
      "rd": null,
      "sga": null,
      "fcf": 362000000,
      "ocf": 2411000000,
      "capex": -2049000000,
      "gross_margin": null,
      "op_margin": 0.09941004133723963,
      "fcf_margin": 0.014528233736003532,
      "incr_op_margin_yoy": 0.3393194706994329,
      "rev_growth_yoy": -0.07827470129101469,
      "rev_growth_yoy_accel": 0.050031246310491884,
      "op_leverage_ratio": 1.3262725421531054,
      "fcf_margin_change": -0.03029394944618155
    },
    {
      "date": "2024-03-31T00:00:00",
      "quarter_label": "2024-03 (Q1)",
      "revenue": 21706000000,
      "gross_profit": null,
      "operating_income": 1613000000,
      "net_income": 1113000000,
      "opex": 20093000000,
      "cogs": null,
      "rd": null,
      "sga": null,
      "fcf": 2281000000,
      "ocf": 3316000000,
      "capex": -1035000000,
      "gross_margin": null,
      "op_margin": 0.07431125034552659,
      "fcf_margin": 0.10508615129457292,
      "incr_op_margin_yoy": 0.7612797374897456,
      "rev_growth_yoy": -0.05317339149400218,
      "rev_growth_yoy_accel": 0.025101309797012507,
      "fcf_margin_change": 0.09055791755856939
    },
    {
      "date": "2024-06-30T00:00:00",
      "quarter_label": "2024-06 (Q2)",
      "revenue": 21818000000,
      "gross_profit": null,
      "operating_income": 1944000000,
      "net_income": 1409000000,
      "opex": 19874000000,
      "cogs": null,
      "rd": null,
      "sga": null,
      "fcf": 1060000000,
      "ocf": 1993000000,
      "capex": -933000000,
      "gross_margin": null,
      "op_margin": 0.08910074250618755,
      "fcf_margin": 0.04858373819781832,
      "incr_op_margin_yoy": 3.5274261603375527,
      "rev_growth_yoy": -0.010745862616186807,
      "rev_growth_yoy_accel": 0.042427528877815375,
      "fcf_margin_change": -0.056502413096754606
    },
    {
      "date": "2024-09-30T00:00:00",
      "quarter_label": "2024-09 (Q3)",
      "revenue": 22245000000,
      "gross_profit": null,
      "operating_income": 1985000000,
      "net_income": 1539000000,
      "opex": 20260000000,
      "cogs": null,
      "rd": null,
      "sga": null,
      "fcf": 655000000,
      "ocf": 1498000000,
      "capex": -843000000,
      "gross_margin": null,
      "op_margin": 0.08923353562598337,
      "fcf_margin": 0.029444819060463024,
      "incr_op_margin_yoy": 0.5422297297297297,
      "rev_growth_yoy": 0.05621765348274061,
      "rev_growth_yoy_accel": 0.06696351609892742,
      "op_leverage_ratio": 1.0076528055695801,
      "fcf_margin_change": -0.019138919137355295
    },
    {
      "date": "2024-12-31T00:00:00",
      "quarter_label": "2024-12 (Q4)",
      "revenue": 25301000000,
      "gross_profit": null,
      "operating_income": 2926000000,
      "net_income": 1721000000,
      "opex": 22375000000,
      "cogs": null,
      "rd": null,
      "sga": null,
      "fcf": 2217000000,
      "ocf": 3315000000,
      "capex": -1098000000,
      "gross_margin": null,
      "op_margin": 0.11564760286154697,
      "fcf_margin": 0.08762499505948382,
      "incr_op_margin_yoy": 1.1692708333333333,
      "rev_growth_yoy": 0.015411165068025846,
      "rev_growth_yoy_accel": -0.040806488414714764,
      "op_leverage_ratio": 1.3159821820931419,
      "fcf_margin_change": 0.0581801759990208
    },
    {
      "date": "2025-03-31T00:00:00",
      "quarter_label": "2025-03 (Q1)",
      "revenue": 21546000000,
      "gross_profit": null,
      "operating_income": 1666000000,
      "net_income": 1187000000,
      "opex": 19880000000,
      "cogs": null,
      "rd": null,
      "sga": null,
      "fcf": 1442000000,
      "ocf": 2318000000,
      "capex": -876000000,
      "gross_margin": null,
      "op_margin": 0.07732293697205977,
      "fcf_margin": 0.06692657569850552,
      "incr_op_margin_yoy": -0.33125,
      "rev_growth_yoy": -0.007371233760250622,
      "rev_growth_yoy_accel": -0.022782398828276467,
      "fcf_margin_change": -0.0206984193609783
    },
    {
      "date": "2025-06-30T00:00:00",
      "quarter_label": "2025-06 (Q2)",
      "revenue": 21221000000,
      "gross_profit": null,
      "operating_income": 1822000000,
      "net_income": null,
      "opex": 19399000000,
      "cogs": null,
      "rd": null,
      "sga": null,
      "fcf": -775000000,
      "ocf": 348000000,
      "capex": -1123000000,
      "gross_margin": null,
      "op_margin": 0.08585834786296594,
      "fcf_margin": -0.03652042787804533,
      "incr_op_margin_yoy": 0.20435510887772193,
      "rev_growth_yoy": -0.027362728022733523,
      "rev_growth_yoy_accel": -0.019991494262482902,
      "fcf_margin_change": -0.10344700357655084
    },
    {
      "date": "2025-09-30T00:00:00",
      "quarter_label": "2025-09 (Q3)",
      "revenue": 21415000000,
      "gross_profit": null,
      "operating_income": 1804000000,
      "net_income": null,
      "opex": 19611000000,
      "cogs": null,
      "rd": null,
      "sga": null,
      "fcf": 1512000000,
      "ocf": 2482000000,
      "capex": -970000000,
      "gross_margin": null,
      "op_margin": 0.08424001867849638,
      "fcf_margin": 0.07060471632033621,
      "incr_op_margin_yoy": 0.21807228915662652,
      "rev_growth_yoy": -0.03731175545066307,
      "rev_growth_yoy_accel": -0.009949027427929549,
      "fcf_margin_change": 0.10712514419838154
    }
  ],
  "signals": [
    {
      "quarter": "2025-09 (Q3)",
      "signal": "FCF TURNED POSITIVE",
      "detail": "FCF margin: -3.7% -> +7.1%",
      "severity": "HIGH"
    },
    {
      "quarter": "2025-09 (Q3)",
      "signal": "INCREMENTAL MARGIN (YoY)",
      "detail": "YoY Incr OPM: +21.8% vs year-ago OPM: +8.9%",
      "severity": "MEDIUM"
    },
    {
      "quarter": "2025-06 (Q2)",
      "signal": "INCREMENTAL MARGIN (YoY)",
      "detail": "YoY Incr OPM: +20.4% vs year-ago OPM: +8.9%",
      "severity": "MEDIUM"
    },
    {
      "quarter": "2024-12 (Q4)",
      "signal": "FCF MARGIN EXPANSION",
      "detail": "FCF margin: +2.9% -> +8.8% (+5.8%)",
      "severity": "MEDIUM"
    },
    {
      "quarter": "2024-12 (Q4)",
      "signal": "INCREMENTAL MARGIN (YoY)",
      "detail": "YoY Incr OPM: +116.9% vs year-ago OPM: +9.9%",
      "severity": "HIGH"
    },
    {
      "quarter": "2024-09 (Q3)",
      "signal": "YoY REVENUE GROWTH ACCELERATION",
      "detail": "YoY growth: +5.6% vs prior quarter YoY: -1.1% (accel: +6.7%)",
      "severity": "MEDIUM"
    },
    {
      "quarter": "2024-09 (Q3)",
      "signal": "INCREMENTAL MARGIN (YoY)",
      "detail": "YoY Incr OPM: +54.2% vs year-ago OPM: +6.4%",
      "severity": "HIGH"
    },
    {
      "quarter": "2024-06 (Q2)",
      "signal": "INCREMENTAL MARGIN (YoY)",
      "detail": "YoY Incr OPM: +352.7% vs year-ago OPM: +12.6%",
      "severity": "HIGH"
    },
    {
      "quarter": "2024-03 (Q1)",
      "signal": "FCF MARGIN EXPANSION",
      "detail": "FCF margin: +1.5% -> +10.5% (+9.1%)",
      "severity": "MEDIUM"
    },
    {
      "quarter": "2024-03 (Q1)",
      "signal": "INCREMENTAL MARGIN (YoY)",
      "detail": "YoY Incr OPM: +76.1% vs year-ago OPM: +11.1%",
      "severity": "HIGH"
    },
    {
      "quarter": "2023-12 (Q4)",
      "signal": "YoY REVENUE GROWTH ACCELERATION",
      "detail": "YoY growth: -7.8% vs prior quarter YoY: -12.8% (accel: +5.0%)",
      "severity": "MEDIUM"
    },
    {
      "quarter": "2023-12 (Q4)",
      "signal": "INCREMENTAL MARGIN (YoY)",
      "detail": "YoY Incr OPM: +33.9% vs year-ago OPM: +11.8%",
      "severity": "HIGH"
    },
    {
      "quarter": "2023-09 (Q3)",
      "signal": "INCREMENTAL MARGIN (YoY)",
      "detail": "YoY Incr OPM: +57.1% vs year-ago OPM: +12.9%",
      "severity": "HIGH"
    },
    {
      "quarter": "2023-06 (Q2)",
      "signal": "INCREMENTAL MARGIN (YoY)",
      "detail": "YoY Incr OPM: +27.8% vs year-ago OPM: +14.3%",
      "severity": "MEDIUM"
    },
    {
      "quarter": "2023-03 (Q1)",
      "signal": "INCREMENTAL MARGIN (YoY)",
      "detail": "YoY Incr OPM: +48.9% vs year-ago OPM: +13.3%",
      "severity": "HIGH"
    },
    {
      "quarter": "2022-12 (Q4)",
      "signal": "YoY REVENUE GROWTH DECELERATION",
      "detail": "YoY growth: -2.7% vs prior quarter YoY: +4.2% (decel: -6.9%)",
      "severity": "WARNING"
    },
    {
      "quarter": "2022-12 (Q4)",
      "signal": "INCREMENTAL MARGIN (YoY)",
      "detail": "YoY Incr OPM: +94.3% vs year-ago OPM: +14.0%",
      "severity": "HIGH"
    },
    {
      "quarter": "2022-06 (Q2)",
      "signal": "OPERATING LEVERAGE",
      "detail": "Rev growth +1.6% vs OpEx growth +0.5% (leverage: 3.2x)",
      "severity": "MEDIUM"
    },
    {
      "quarter": "2022-03 (Q1)",
      "signal": "FCF MARGIN EXPANSION",
      "detail": "FCF margin: +5.8% -> +16.1% (+10.3%)",
      "severity": "MEDIUM"
    },
    {
      "quarter": "2022-03 (Q1)",
      "signal": "YoY REVENUE GROWTH DECELERATION",
      "detail": "YoY growth: +6.4% vs prior quarter YoY: +11.5% (decel: -5.1%)",
      "severity": "WARNING"
    },
    {
      "quarter": "2022-03 (Q1)",
      "signal": "INCREMENTAL MARGIN (YoY)",
      "detail": "YoY Incr OPM: +33.1% vs year-ago OPM: +12.1%",
      "severity": "HIGH"
    },
    {
      "quarter": "2021-12 (Q4)",
      "signal": "INCREMENTAL MARGIN (YoY)",
      "detail": "YoY Incr OPM: +64.5% vs year-ago OPM: +8.2%",
      "severity": "HIGH"
    },
    {
      "quarter": "2021-06 (Q2)",
      "signal": "OPERATING LEVERAGE",
      "detail": "Rev growth +2.3% vs OpEx growth +0.1% (leverage: 19.7x)",
      "severity": "MEDIUM"
    },
    {
      "quarter": "2021-03 (Q1)",
      "signal": "FCF TURNED POSITIVE",
      "detail": "FCF margin: -4.1% -> +16.1%",
      "severity": "HIGH"
    }
  ],
  "data_quality": {
    "n_quarters": 20,
    "coverage": {
      "revenue": [
        20,
        20
      ],
      "gross_profit": [
        0,
        20
      ],
      "op_income": [
        20,
        20
      ],
      "fcf": [
        20,
        20
      ]
    },
    "gaps": [],
    "warnings": [
      "gross_profit: no data"
    ]
  },
  "market_cap": null,
  "source": "SEC EDGAR",
  "last_updated": "2026-02-02T19:51:21.228355"
}