{
  "ticker": "UPST",
  "name": "Upstart Holdings, Inc.",
  "sector": "Financial Services",
  "industry": "Credit Services",
  "quarters": [
    {
      "date": "2021-03-31T00:00:00",
      "quarter_label": "2021-03 (Q1)",
      "revenue": 121345000,
      "gross_profit": null,
      "operating_income": 15574000,
      "net_income": 10102000,
      "opex": 105771000,
      "cogs": null,
      "rd": 18988000,
      "sga": null,
      "fcf": 42825000,
      "ocf": 43092000,
      "capex": -267000,
      "gross_margin": null,
      "op_margin": 0.12834480201079568,
      "fcf_margin": 0.3529193621492439
    },
    {
      "date": "2021-06-30T00:00:00",
      "quarter_label": "2021-06 (Q2)",
      "revenue": 193946000,
      "gross_profit": null,
      "operating_income": 36294000,
      "net_income": 37284000,
      "opex": 157652000,
      "cogs": null,
      "rd": 31431000,
      "sga": null,
      "fcf": 91074000,
      "ocf": 92804000,
      "capex": -1730000,
      "gross_margin": null,
      "op_margin": 0.18713456322894,
      "fcf_margin": 0.46958431728419253,
      "op_leverage_ratio": 1.219772923213011,
      "fcf_margin_change": 0.11666495513494862
    },
    {
      "date": "2021-09-30T00:00:00",
      "quarter_label": "2021-09 (Q3)",
      "revenue": 228450000,
      "gross_profit": null,
      "operating_income": 28599000,
      "net_income": 29113000,
      "opex": 199851000,
      "cogs": null,
      "rd": 37085000,
      "sga": null,
      "fcf": 40642000,
      "ocf": 43601000,
      "capex": -2959000,
      "gross_margin": null,
      "op_margin": 0.1251871306631648,
      "fcf_margin": 0.17790326110746335,
      "op_leverage_ratio": 0.6646391864818753,
      "fcf_margin_change": -0.2916810561767292
    },
    {
      "date": "2021-12-31T00:00:00",
      "quarter_label": "2021-12 (Q4)",
      "revenue": 304848000,
      "gross_profit": null,
      "operating_income": 60414000,
      "net_income": 58944000,
      "opex": 244434000,
      "cogs": null,
      "rd": 46495000,
      "sga": null,
      "fcf": -14615000,
      "ocf": -11144000,
      "capex": -3471000,
      "gross_margin": null,
      "op_margin": 0.19817745236970555,
      "fcf_margin": -0.047941925156143386,
      "op_leverage_ratio": 1.4990905410491786,
      "fcf_margin_change": -0.22584518626360672
    },
    {
      "date": "2022-03-31T00:00:00",
      "quarter_label": "2022-03 (Q1)",
      "revenue": 310136000,
      "gross_profit": null,
      "operating_income": 34833000,
      "net_income": 32692000,
      "opex": 275303000,
      "cogs": null,
      "rd": 49991000,
      "sga": null,
      "fcf": -268424000,
      "ocf": -266795000,
      "capex": -1629000,
      "gross_margin": null,
      "op_margin": 0.11231524234529368,
      "fcf_margin": -0.8655041659143086,
      "incr_op_margin_yoy": 0.10201227812766499,
      "rev_growth_yoy": 1.555820182125345,
      "op_leverage_ratio": 0.13735584670280857,
      "fcf_margin_change": -0.8175622407581652
    },
    {
      "date": "2022-06-30T00:00:00",
      "quarter_label": "2022-06 (Q2)",
      "revenue": 228162000,
      "gross_profit": null,
      "operating_income": -32107000,
      "net_income": -29871000,
      "opex": 260269000,
      "cogs": null,
      "rd": 57045000,
      "sga": null,
      "fcf": -57592000,
      "ocf": -53643000,
      "capex": -3949000,
      "gross_margin": null,
      "op_margin": -0.1407201900404099,
      "fcf_margin": -0.25241714220597644,
      "incr_op_margin_yoy": -1.9990939911152676,
      "rev_growth_yoy": 0.17642024068555165,
      "rev_growth_yoy_accel": -1.3793999414397933,
      "fcf_margin_change": 0.6130870237083321
    },
    {
      "date": "2022-09-30T00:00:00",
      "quarter_label": "2022-09 (Q3)",
      "revenue": 157233000,
      "gross_profit": null,
      "operating_income": -58091000,
      "net_income": -56223000,
      "opex": 215324000,
      "cogs": null,
      "rd": 66182000,
      "sga": null,
      "fcf": -102876000,
      "ocf": -101366000,
      "capex": -1510000,
      "gross_margin": null,
      "op_margin": -0.369458065418837,
      "fcf_margin": -0.6542901299345557,
      "incr_op_margin_yoy": 1.217265540531053,
      "rev_growth_yoy": -0.3117399868680236,
      "rev_growth_yoy_accel": -0.48816022755357524,
      "fcf_margin_change": -0.40187298772857927
    },
    {
      "date": "2022-12-31T00:00:00",
      "quarter_label": "2022-12 (Q4)",
      "revenue": 146913000,
      "gross_profit": null,
      "operating_income": -58498000,
      "net_income": -55263000,
      "opex": 205411000,
      "cogs": null,
      "rd": 64029000,
      "sga": null,
      "fcf": -237793000,
      "ocf": -236056000,
      "capex": -1737000,
      "gross_margin": null,
      "op_margin": -0.3981812365141274,
      "fcf_margin": -1.618597401183013,
      "incr_op_margin_yoy": 0.7529173394117833,
      "rev_growth_yoy": -0.5180778617540545,
      "rev_growth_yoy_accel": -0.20633787488603084,
      "fcf_margin_change": -0.9643072712484574
    },
    {
      "date": "2023-03-31T00:00:00",
      "quarter_label": "2023-03 (Q1)",
      "revenue": 102927000,
      "gross_profit": null,
      "operating_income": -131835000,
      "net_income": -129254000,
      "opex": 234762000,
      "cogs": null,
      "rd": 110071000,
      "sga": null,
      "fcf": -76838000,
      "ocf": -75727000,
      "capex": -1111000,
      "gross_margin": null,
      "op_margin": -1.2808592497595384,
      "fcf_margin": -0.7465290934351531,
      "incr_op_margin_yoy": 0.804347301516826,
      "rev_growth_yoy": -0.668123016998994,
      "rev_growth_yoy_accel": -0.15004515524493955,
      "fcf_margin_change": 0.87206830774786
    },
    {
      "date": "2023-06-30T00:00:00",
      "quarter_label": "2023-06 (Q2)",
      "revenue": 135766000,
      "gross_profit": null,
      "operating_income": -33344000,
      "net_income": -28165000,
      "opex": 169110000,
      "cogs": null,
      "rd": 57974000,
      "sga": null,
      "fcf": 217284000,
      "ocf": 217323000,
      "capex": -39000,
      "gross_margin": null,
      "op_margin": -0.24559904541637817,
      "fcf_margin": 1.6004301518789683,
      "incr_op_margin_yoy": 0.01338802545564743,
      "rev_growth_yoy": -0.40495788080399014,
      "rev_growth_yoy_accel": 0.26316513619500387,
      "op_leverage_ratio": null,
      "fcf_margin_change": 2.3469592453141215
    },
    {
      "date": "2023-09-30T00:00:00",
      "quarter_label": "2023-09 (Q3)",
      "revenue": 134557000,
      "gross_profit": null,
      "operating_income": -43845000,
      "net_income": -40315000,
      "opex": 178402000,
      "cogs": null,
      "rd": 54941000,
      "sga": null,
      "fcf": -107844000,
      "ocf": -107709000,
      "capex": -135000,
      "gross_margin": null,
      "op_margin": -0.32584703880140015,
      "fcf_margin": -0.801474468069294,
      "incr_op_margin_yoy": -0.6282413124007762,
      "rev_growth_yoy": -0.14421908886811294,
      "rev_growth_yoy_accel": 0.26073879193587723,
      "fcf_margin_change": -2.4019046199482625
    },
    {
      "date": "2023-12-31T00:00:00",
      "quarter_label": "2023-12 (Q4)",
      "revenue": 140312000,
      "gross_profit": null,
      "operating_income": -47501000,
      "net_income": -42398000,
      "opex": 187813000,
      "cogs": null,
      "rd": 57152000,
      "sga": null,
      "fcf": -145841000,
      "ocf": -145599000,
      "capex": -242000,
      "gross_margin": null,
      "op_margin": -0.3385384001368379,
      "fcf_margin": -1.0394050401961343,
      "incr_op_margin_yoy": -1.6659597030752917,
      "rev_growth_yoy": -0.04493135393055754,
      "rev_growth_yoy_accel": 0.0992877349375554,
      "op_leverage_ratio": 0.8107799073745678,
      "fcf_margin_change": -0.23793057212684032
    },
    {
      "date": "2024-03-31T00:00:00",
      "quarter_label": "2024-03 (Q1)",
      "revenue": 127794000,
      "gross_profit": null,
      "operating_income": -67468000,
      "net_income": -64598000,
      "opex": 195262000,
      "cogs": null,
      "rd": 63091000,
      "sga": null,
      "fcf": 43653000,
      "ocf": 44337000,
      "capex": -684000,
      "gross_margin": null,
      "op_margin": -0.5279434089237366,
      "fcf_margin": 0.3415888069862435,
      "incr_op_margin_yoy": 2.5884505569630436,
      "rev_growth_yoy": 0.24159841441021307,
      "rev_growth_yoy_accel": 0.2865297683407706,
      "fcf_margin_change": 1.3809938471823777
    },
    {
      "date": "2024-06-30T00:00:00",
      "quarter_label": "2024-06 (Q2)",
      "revenue": 127630000,
      "gross_profit": null,
      "operating_income": -55486000,
      "net_income": -54470000,
      "opex": 183116000,
      "cogs": null,
      "rd": 58453000,
      "sga": null,
      "fcf": 73543000,
      "ocf": 73580000,
      "capex": -37000,
      "gross_margin": null,
      "op_margin": -0.4347410483428661,
      "fcf_margin": 0.5762203243751469,
      "incr_op_margin_yoy": 2.7214847590953783,
      "rev_growth_yoy": -0.059926638480915694,
      "rev_growth_yoy_accel": -0.30152505289112874,
      "fcf_margin_change": 0.23463151738890342
    },
    {
      "date": "2024-09-30T00:00:00",
      "quarter_label": "2024-09 (Q3)",
      "revenue": 162140000,
      "gross_profit": null,
      "operating_income": -45152000,
      "net_income": -6758000,
      "opex": 207292000,
      "cogs": null,
      "rd": 64887000,
      "sga": null,
      "fcf": 179224000,
      "ocf": 179340000,
      "capex": -116000,
      "gross_margin": null,
      "op_margin": -0.27847539163685703,
      "fcf_margin": 1.1053657333168867,
      "incr_op_margin_yoy": -0.04738425842004133,
      "rev_growth_yoy": 0.20499119332327564,
      "rev_growth_yoy_accel": 0.2649178318041913,
      "op_leverage_ratio": 2.048019257871952,
      "fcf_margin_change": 0.5291454089417398
    },
    {
      "date": "2024-12-31T00:00:00",
      "quarter_label": "2024-12 (Q4)",
      "revenue": 218964000,
      "gross_profit": null,
      "operating_income": -4750000,
      "net_income": -2755000,
      "opex": 223714000,
      "cogs": null,
      "rd": 67222000,
      "sga": null,
      "fcf": -110926000,
      "ocf": -110926000,
      "capex": null,
      "gross_margin": null,
      "op_margin": -0.021693063699968946,
      "fcf_margin": -0.5065946913647905,
      "incr_op_margin_yoy": 0.543546254386411,
      "rev_growth_yoy": 0.5605507725640002,
      "rev_growth_yoy_accel": 0.35555957924072457,
      "op_leverage_ratio": 4.423826918424842,
      "fcf_margin_change": -1.6119604246816772
    },
    {
      "date": "2025-03-31T00:00:00",
      "quarter_label": "2025-03 (Q1)",
      "revenue": 213371000,
      "gross_profit": null,
      "operating_income": -4496000,
      "net_income": -2447000,
      "opex": 217867000,
      "cogs": null,
      "rd": 57838000,
      "sga": null,
      "fcf": -13486000,
      "ocf": -13486000,
      "capex": null,
      "gross_margin": null,
      "op_margin": -0.021071279602195236,
      "fcf_margin": -0.06320446546156694,
      "incr_op_margin_yoy": 0.7358519228297323,
      "rev_growth_yoy": 0.6696480272939261,
      "rev_growth_yoy_accel": 0.10909725472992593,
      "fcf_margin_change": 0.4433902259032236
    },
    {
      "date": "2025-06-30T00:00:00",
      "quarter_label": "2025-06 (Q2)",
      "revenue": 257291000,
      "gross_profit": null,
      "operating_income": 4542000,
      "net_income": 5607000,
      "opex": 252749000,
      "cogs": null,
      "rd": 68825000,
      "sga": null,
      "fcf": -120277000,
      "ocf": -120162000,
      "capex": -115000,
      "gross_margin": null,
      "op_margin": 0.01765316314989642,
      "fcf_margin": -0.46747457159403166,
      "incr_op_margin_yoy": 0.46296110626942566,
      "rev_growth_yoy": 1.0159131865548852,
      "rev_growth_yoy_accel": 0.346265159260959,
      "op_leverage_ratio": 1.2856330084320973,
      "fcf_margin_change": -0.4042701061324647
    },
    {
      "date": "2025-09-30T00:00:00",
      "quarter_label": "2025-09 (Q3)",
      "revenue": 277105000,
      "gross_profit": null,
      "operating_income": 23666000,
      "net_income": 31805000,
      "opex": 253439000,
      "cogs": null,
      "rd": 64026000,
      "sga": null,
      "fcf": -122704000,
      "ocf": -122629000,
      "capex": -75000,
      "gross_margin": null,
      "op_margin": 0.0854044495768752,
      "fcf_margin": -0.44280687825914367,
      "incr_op_margin_yoy": 0.5985995737833254,
      "rev_growth_yoy": 0.7090477365239917,
      "rev_growth_yoy_accel": -0.3068654500308935,
      "op_leverage_ratio": 28.209014819344855,
      "fcf_margin_change": 0.024667693334887997
    },
    {
      "date": "2025-12-31T00:00:00",
      "quarter_label": "2025-12 (Q4)",
      "revenue": 296090000,
      "gross_profit": null,
      "operating_income": 18919000,
      "net_income": 18636000,
      "opex": 277171000,
      "cogs": null,
      "rd": 66913000,
      "sga": null,
      "fcf": 108395000,
      "ocf": 108552000,
      "capex": -157000,
      "gross_margin": null,
      "op_margin": 0.0638961126684454,
      "fcf_margin": 0.36608801377959405,
      "incr_op_margin_yoy": 0.30688743095713505,
      "rev_growth_yoy": 0.3522314170365905,
      "rev_growth_yoy_accel": -0.35681631948740117,
      "op_leverage_ratio": 0.7316533172418265,
      "fcf_margin_change": 0.8088948920387378
    }
  ],
  "signals": [
    {
      "quarter": "2025-12 (Q4)",
      "signal": "FCF TURNED POSITIVE",
      "detail": "FCF margin: -44.3% -> +36.6%",
      "severity": "HIGH"
    },
    {
      "quarter": "2025-12 (Q4)",
      "signal": "YoY REVENUE GROWTH DECELERATION",
      "detail": "YoY growth: +35.2% vs prior quarter YoY: +70.9% (decel: -35.7%)",
      "severity": "WARNING"
    },
    {
      "quarter": "2025-12 (Q4)",
      "signal": "OP MARGIN TURNED POSITIVE (YoY)",
      "detail": "Op margin: -2.2% (year-ago) -> +6.4%",
      "severity": "HIGH"
    },
    {
      "quarter": "2025-09 (Q3)",
      "signal": "OPERATING LEVERAGE",
      "detail": "Rev growth +7.7% vs OpEx growth +0.3% (leverage: 28.2x)",
      "severity": "MEDIUM"
    },
    {
      "quarter": "2025-09 (Q3)",
      "signal": "YoY REVENUE GROWTH DECELERATION",
      "detail": "YoY growth: +70.9% vs prior quarter YoY: +101.6% (decel: -30.7%)",
      "severity": "WARNING"
    },
    {
      "quarter": "2025-09 (Q3)",
      "signal": "OP MARGIN TURNED POSITIVE (YoY)",
      "detail": "Op margin: -27.8% (year-ago) -> +8.5%",
      "severity": "HIGH"
    },
    {
      "quarter": "2025-06 (Q2)",
      "signal": "YoY REVENUE GROWTH ACCELERATION",
      "detail": "YoY growth: +101.6% vs prior quarter YoY: +67.0% (accel: +34.6%)",
      "severity": "HIGH"
    },
    {
      "quarter": "2025-06 (Q2)",
      "signal": "OP MARGIN TURNED POSITIVE (YoY)",
      "detail": "Op margin: -43.5% (year-ago) -> +1.8%",
      "severity": "HIGH"
    },
    {
      "quarter": "2025-06 (Q2)",
      "signal": "OP MARGIN TURNED POSITIVE (QoQ)",
      "detail": "Op margin: -2.1% -> +1.8%",
      "severity": "HIGH"
    },
    {
      "quarter": "2025-03 (Q1)",
      "signal": "FCF MARGIN EXPANSION",
      "detail": "FCF margin: -50.7% -> -6.3% (+44.3%)",
      "severity": "MEDIUM"
    },
    {
      "quarter": "2025-03 (Q1)",
      "signal": "YoY REVENUE GROWTH ACCELERATION",
      "detail": "YoY growth: +67.0% vs prior quarter YoY: +56.1% (accel: +10.9%)",
      "severity": "MEDIUM"
    },
    {
      "quarter": "2024-12 (Q4)",
      "signal": "OPERATING LEVERAGE",
      "detail": "Rev growth +35.0% vs OpEx growth +7.9% (leverage: 4.4x)",
      "severity": "MEDIUM"
    },
    {
      "quarter": "2024-12 (Q4)",
      "signal": "YoY REVENUE GROWTH ACCELERATION",
      "detail": "YoY growth: +56.1% vs prior quarter YoY: +20.5% (accel: +35.6%)",
      "severity": "HIGH"
    },
    {
      "quarter": "2024-09 (Q3)",
      "signal": "FCF MARGIN EXPANSION",
      "detail": "FCF margin: +57.6% -> +110.5% (+52.9%)",
      "severity": "MEDIUM"
    },
    {
      "quarter": "2024-09 (Q3)",
      "signal": "OPERATING LEVERAGE",
      "detail": "Rev growth +27.0% vs OpEx growth +13.2% (leverage: 2.0x)",
      "severity": "MEDIUM"
    },
    {
      "quarter": "2024-09 (Q3)",
      "signal": "YoY REVENUE GROWTH ACCELERATION",
      "detail": "YoY growth: +20.5% vs prior quarter YoY: -6.0% (accel: +26.5%)",
      "severity": "HIGH"
    },
    {
      "quarter": "2024-06 (Q2)",
      "signal": "FCF MARGIN EXPANSION",
      "detail": "FCF margin: +34.2% -> +57.6% (+23.5%)",
      "severity": "MEDIUM"
    },
    {
      "quarter": "2024-06 (Q2)",
      "signal": "YoY REVENUE GROWTH DECELERATION",
      "detail": "YoY growth: -6.0% vs prior quarter YoY: +24.2% (decel: -30.2%)",
      "severity": "WARNING"
    },
    {
      "quarter": "2024-03 (Q1)",
      "signal": "FCF TURNED POSITIVE",
      "detail": "FCF margin: -103.9% -> +34.2%",
      "severity": "HIGH"
    },
    {
      "quarter": "2024-03 (Q1)",
      "signal": "YoY REVENUE GROWTH ACCELERATION",
      "detail": "YoY growth: +24.2% vs prior quarter YoY: -4.5% (accel: +28.7%)",
      "severity": "HIGH"
    },
    {
      "quarter": "2023-12 (Q4)",
      "signal": "YoY REVENUE GROWTH ACCELERATION",
      "detail": "YoY growth: -4.5% vs prior quarter YoY: -14.4% (accel: +9.9%)",
      "severity": "MEDIUM"
    },
    {
      "quarter": "2023-09 (Q3)",
      "signal": "YoY REVENUE GROWTH ACCELERATION",
      "detail": "YoY growth: -14.4% vs prior quarter YoY: -40.5% (accel: +26.1%)",
      "severity": "HIGH"
    },
    {
      "quarter": "2023-06 (Q2)",
      "signal": "FCF TURNED POSITIVE",
      "detail": "FCF margin: -74.7% -> +160.0%",
      "severity": "HIGH"
    },
    {
      "quarter": "2023-06 (Q2)",
      "signal": "YoY REVENUE GROWTH ACCELERATION",
      "detail": "YoY growth: -40.5% vs prior quarter YoY: -66.8% (accel: +26.3%)",
      "severity": "HIGH"
    },
    {
      "quarter": "2023-03 (Q1)",
      "signal": "FCF MARGIN EXPANSION",
      "detail": "FCF margin: -161.9% -> -74.7% (+87.2%)",
      "severity": "MEDIUM"
    },
    {
      "quarter": "2023-03 (Q1)",
      "signal": "YoY REVENUE GROWTH DECELERATION",
      "detail": "YoY growth: -66.8% vs prior quarter YoY: -51.8% (decel: -15.0%)",
      "severity": "WARNING"
    },
    {
      "quarter": "2022-12 (Q4)",
      "signal": "YoY REVENUE GROWTH DECELERATION",
      "detail": "YoY growth: -51.8% vs prior quarter YoY: -31.2% (decel: -20.6%)",
      "severity": "WARNING"
    },
    {
      "quarter": "2022-09 (Q3)",
      "signal": "YoY REVENUE GROWTH DECELERATION",
      "detail": "YoY growth: -31.2% vs prior quarter YoY: +17.6% (decel: -48.8%)",
      "severity": "WARNING"
    },
    {
      "quarter": "2022-06 (Q2)",
      "signal": "FCF MARGIN EXPANSION",
      "detail": "FCF margin: -86.6% -> -25.2% (+61.3%)",
      "severity": "MEDIUM"
    },
    {
      "quarter": "2022-06 (Q2)",
      "signal": "YoY REVENUE GROWTH DECELERATION",
      "detail": "YoY growth: +17.6% vs prior quarter YoY: +155.6% (decel: -137.9%)",
      "severity": "WARNING"
    },
    {
      "quarter": "2021-06 (Q2)",
      "signal": "FCF MARGIN EXPANSION",
      "detail": "FCF margin: +35.3% -> +47.0% (+11.7%)",
      "severity": "MEDIUM"
    }
  ],
  "data_quality": {
    "n_quarters": 20,
    "coverage": {
      "revenue": [
        20,
        20
      ],
      "gross_profit": [
        0,
        20
      ],
      "op_income": [
        20,
        20
      ],
      "fcf": [
        20,
        20
      ]
    },
    "gaps": [],
    "warnings": [
      "gross_profit: no data"
    ]
  },
  "market_cap": null,
  "source": "SEC EDGAR",
  "last_updated": "2026-02-24T11:05:16.915048"
}