{
  "ticker": "USB-PA",
  "name": "US BANCORP \\DE\\",
  "quarters": [
    {
      "date": "2018-03-31T00:00:00",
      "quarter_label": "2018-03 (Q1)",
      "revenue": 5469000000,
      "gross_profit": null,
      "operating_income": null,
      "net_income": null,
      "opex": null,
      "cogs": null,
      "rd": null,
      "sga": null,
      "fcf": null,
      "ocf": null,
      "capex": null,
      "gross_margin": null,
      "op_margin": null,
      "fcf_margin": null
    },
    {
      "date": "2018-06-30T00:00:00",
      "quarter_label": "2018-06 (Q2)",
      "revenue": 5640000000,
      "gross_profit": null,
      "operating_income": null,
      "net_income": null,
      "opex": null,
      "cogs": null,
      "rd": null,
      "sga": null,
      "fcf": null,
      "ocf": null,
      "capex": null,
      "gross_margin": null,
      "op_margin": null,
      "fcf_margin": null
    },
    {
      "date": "2018-09-30T00:00:00",
      "quarter_label": "2018-09 (Q3)",
      "revenue": 5699000000,
      "gross_profit": null,
      "operating_income": null,
      "net_income": null,
      "opex": null,
      "cogs": null,
      "rd": null,
      "sga": null,
      "fcf": null,
      "ocf": null,
      "capex": null,
      "gross_margin": null,
      "op_margin": null,
      "fcf_margin": null
    },
    {
      "date": "2018-12-31T00:00:00",
      "quarter_label": "2018-12 (Q4)",
      "revenue": 5829000000,
      "gross_profit": null,
      "operating_income": null,
      "net_income": null,
      "opex": null,
      "cogs": null,
      "rd": null,
      "sga": null,
      "fcf": null,
      "ocf": null,
      "capex": null,
      "gross_margin": null,
      "op_margin": null,
      "fcf_margin": null
    },
    {
      "date": "2019-03-31T00:00:00",
      "quarter_label": "2019-03 (Q1)",
      "revenue": 5577000000,
      "gross_profit": null,
      "operating_income": null,
      "net_income": null,
      "opex": null,
      "cogs": null,
      "rd": null,
      "sga": null,
      "fcf": null,
      "ocf": null,
      "capex": null,
      "gross_margin": null,
      "op_margin": null,
      "fcf_margin": null,
      "rev_growth_yoy": 0.019747668678003292
    },
    {
      "date": "2019-06-30T00:00:00",
      "quarter_label": "2019-06 (Q2)",
      "revenue": 5822000000,
      "gross_profit": null,
      "operating_income": null,
      "net_income": null,
      "opex": null,
      "cogs": null,
      "rd": null,
      "sga": null,
      "fcf": null,
      "ocf": null,
      "capex": null,
      "gross_margin": null,
      "op_margin": null,
      "fcf_margin": null,
      "rev_growth_yoy": 0.03226950354609929,
      "rev_growth_yoy_accel": 0.012521834868095997
    },
    {
      "date": "2019-09-30T00:00:00",
      "quarter_label": "2019-09 (Q3)",
      "revenue": 5920000000,
      "gross_profit": null,
      "operating_income": null,
      "net_income": null,
      "opex": null,
      "cogs": null,
      "rd": null,
      "sga": null,
      "fcf": null,
      "ocf": null,
      "capex": null,
      "gross_margin": null,
      "op_margin": null,
      "fcf_margin": null,
      "rev_growth_yoy": 0.03877873311107212,
      "rev_growth_yoy_accel": 0.006509229564972831
    },
    {
      "date": "2022-09-30T00:00:00",
      "quarter_label": "2022-09 (Q3)",
      "revenue": 6326000000,
      "gross_profit": null,
      "operating_income": null,
      "net_income": 1812000000,
      "opex": null,
      "cogs": null,
      "rd": null,
      "sga": null,
      "fcf": 3505000000,
      "ocf": 3505000000,
      "capex": null,
      "gross_margin": null,
      "op_margin": null,
      "fcf_margin": 0.5540625987986089
    },
    {
      "date": "2022-12-31T00:00:00",
      "quarter_label": "2022-12 (Q4)",
      "revenue": 6368000000,
      "gross_profit": null,
      "operating_income": null,
      "net_income": 925000000,
      "opex": null,
      "cogs": null,
      "rd": null,
      "sga": null,
      "fcf": 6888000000,
      "ocf": 6888000000,
      "capex": null,
      "gross_margin": null,
      "op_margin": null,
      "fcf_margin": 1.0816582914572865,
      "fcf_margin_change": 0.5275956926586777
    },
    {
      "date": "2023-03-31T00:00:00",
      "quarter_label": "2023-03 (Q1)",
      "revenue": 7175000000,
      "gross_profit": null,
      "operating_income": null,
      "net_income": 1698000000,
      "opex": null,
      "cogs": null,
      "rd": null,
      "sga": null,
      "fcf": 842000000,
      "ocf": 842000000,
      "capex": null,
      "gross_margin": null,
      "op_margin": null,
      "fcf_margin": 0.11735191637630663,
      "fcf_margin_change": -0.9643063750809799
    },
    {
      "date": "2023-06-30T00:00:00",
      "quarter_label": "2023-06 (Q2)",
      "revenue": 7175000000,
      "gross_profit": null,
      "operating_income": null,
      "net_income": 1361000000,
      "opex": null,
      "cogs": null,
      "rd": null,
      "sga": null,
      "fcf": 3316000000,
      "ocf": 3316000000,
      "capex": null,
      "gross_margin": null,
      "op_margin": null,
      "fcf_margin": 0.4621602787456446,
      "fcf_margin_change": 0.344808362369338
    },
    {
      "date": "2023-09-30T00:00:00",
      "quarter_label": "2023-09 (Q3)",
      "revenue": 7032000000,
      "gross_profit": null,
      "operating_income": null,
      "net_income": 1523000000,
      "opex": null,
      "cogs": null,
      "rd": null,
      "sga": null,
      "fcf": 3873000000,
      "ocf": 3873000000,
      "capex": null,
      "gross_margin": null,
      "op_margin": null,
      "fcf_margin": 0.5507679180887372,
      "rev_growth_yoy": 0.11160290863104648,
      "fcf_margin_change": 0.08860763934309257
    },
    {
      "date": "2023-12-31T00:00:00",
      "quarter_label": "2023-12 (Q4)",
      "revenue": 6762000000,
      "gross_profit": null,
      "operating_income": null,
      "net_income": 847000000,
      "opex": null,
      "cogs": null,
      "rd": null,
      "sga": null,
      "fcf": 416000000,
      "ocf": 416000000,
      "capex": null,
      "gross_margin": null,
      "op_margin": null,
      "fcf_margin": 0.06152026027802426,
      "rev_growth_yoy": 0.06187185929648241,
      "rev_growth_yoy_accel": -0.04973104933456407,
      "fcf_margin_change": -0.4892476578107129
    },
    {
      "date": "2024-03-31T00:00:00",
      "quarter_label": "2024-03 (Q1)",
      "revenue": 6715000000,
      "gross_profit": null,
      "operating_income": null,
      "net_income": 1319000000,
      "opex": null,
      "cogs": null,
      "rd": null,
      "sga": null,
      "fcf": 2661000000,
      "ocf": 2661000000,
      "capex": null,
      "gross_margin": null,
      "op_margin": null,
      "fcf_margin": 0.396276991809382,
      "rev_growth_yoy": -0.06411149825783972,
      "rev_growth_yoy_accel": -0.12598335755432213,
      "fcf_margin_change": 0.3347567315313577
    },
    {
      "date": "2024-06-30T00:00:00",
      "quarter_label": "2024-06 (Q2)",
      "revenue": 6867000000,
      "gross_profit": null,
      "operating_income": null,
      "net_income": 1603000000,
      "opex": null,
      "cogs": null,
      "rd": null,
      "sga": null,
      "fcf": 2874000000,
      "ocf": 2874000000,
      "capex": null,
      "gross_margin": null,
      "op_margin": null,
      "fcf_margin": 0.418523372651813,
      "rev_growth_yoy": -0.042926829268292686,
      "rev_growth_yoy_accel": 0.02118466898954704,
      "fcf_margin_change": 0.022246380842431024
    },
    {
      "date": "2024-09-30T00:00:00",
      "quarter_label": "2024-09 (Q3)",
      "revenue": 6864000000,
      "gross_profit": null,
      "operating_income": null,
      "net_income": 1714000000,
      "opex": null,
      "cogs": null,
      "rd": null,
      "sga": null,
      "fcf": 972000000,
      "ocf": 972000000,
      "capex": null,
      "gross_margin": null,
      "op_margin": null,
      "fcf_margin": 0.14160839160839161,
      "rev_growth_yoy": -0.023890784982935155,
      "rev_growth_yoy_accel": 0.01903604428535753,
      "fcf_margin_change": -0.2769149810434214
    },
    {
      "date": "2024-12-31T00:00:00",
      "quarter_label": "2024-12 (Q4)",
      "revenue": 7009000000,
      "gross_profit": null,
      "operating_income": null,
      "net_income": 1663000000,
      "opex": null,
      "cogs": null,
      "rd": null,
      "sga": null,
      "fcf": 4766000000,
      "ocf": 4766000000,
      "capex": null,
      "gross_margin": null,
      "op_margin": null,
      "fcf_margin": 0.6799828791553717,
      "rev_growth_yoy": 0.0365276545400769,
      "rev_growth_yoy_accel": 0.060418439523012055,
      "fcf_margin_change": 0.53837448754698
    },
    {
      "date": "2025-03-31T00:00:00",
      "quarter_label": "2025-03 (Q1)",
      "revenue": 6958000000,
      "gross_profit": null,
      "operating_income": null,
      "net_income": 1709000000,
      "opex": null,
      "cogs": null,
      "rd": null,
      "sga": null,
      "fcf": -285000000,
      "ocf": -285000000,
      "capex": null,
      "gross_margin": null,
      "op_margin": null,
      "fcf_margin": -0.040960045990227074,
      "rev_growth_yoy": 0.036187639612807146,
      "rev_growth_yoy_accel": -0.00034001492726975363,
      "fcf_margin_change": -0.7209429251455988
    },
    {
      "date": "2025-06-30T00:00:00",
      "quarter_label": "2025-06 (Q2)",
      "revenue": 7004000000,
      "gross_profit": null,
      "operating_income": null,
      "net_income": 1815000000,
      "opex": null,
      "cogs": null,
      "rd": null,
      "sga": null,
      "fcf": 2031000000,
      "ocf": 2031000000,
      "capex": null,
      "gross_margin": null,
      "op_margin": null,
      "fcf_margin": 0.28997715591090806,
      "rev_growth_yoy": 0.019950487840396096,
      "rev_growth_yoy_accel": -0.01623715177241105,
      "fcf_margin_change": 0.3309372019011351
    },
    {
      "date": "2025-09-30T00:00:00",
      "quarter_label": "2025-09 (Q3)",
      "revenue": 7329000000,
      "gross_profit": null,
      "operating_income": null,
      "net_income": 2001000000,
      "opex": null,
      "cogs": null,
      "rd": null,
      "sga": null,
      "fcf": 3388000000,
      "ocf": 3388000000,
      "capex": null,
      "gross_margin": null,
      "op_margin": null,
      "fcf_margin": 0.46227316141356256,
      "rev_growth_yoy": 0.06774475524475525,
      "rev_growth_yoy_accel": 0.04779426740435915,
      "fcf_margin_change": 0.1722960055026545
    }
  ],
  "signals": [
    {
      "quarter": "2025-09 (Q3)",
      "signal": "FCF MARGIN EXPANSION",
      "detail": "FCF margin: +29.0% -> +46.2% (+17.2%)",
      "severity": "MEDIUM"
    },
    {
      "quarter": "2025-06 (Q2)",
      "signal": "FCF TURNED POSITIVE",
      "detail": "FCF margin: -4.1% -> +29.0%",
      "severity": "HIGH"
    },
    {
      "quarter": "2024-12 (Q4)",
      "signal": "FCF MARGIN EXPANSION",
      "detail": "FCF margin: +14.2% -> +68.0% (+53.8%)",
      "severity": "MEDIUM"
    },
    {
      "quarter": "2024-12 (Q4)",
      "signal": "YoY REVENUE GROWTH ACCELERATION",
      "detail": "YoY growth: +3.7% vs prior quarter YoY: -2.4% (accel: +6.0%)",
      "severity": "MEDIUM"
    },
    {
      "quarter": "2024-03 (Q1)",
      "signal": "FCF MARGIN EXPANSION",
      "detail": "FCF margin: +6.2% -> +39.6% (+33.5%)",
      "severity": "MEDIUM"
    },
    {
      "quarter": "2024-03 (Q1)",
      "signal": "YoY REVENUE GROWTH DECELERATION",
      "detail": "YoY growth: -6.4% vs prior quarter YoY: +6.2% (decel: -12.6%)",
      "severity": "WARNING"
    },
    {
      "quarter": "2023-09 (Q3)",
      "signal": "FCF MARGIN EXPANSION",
      "detail": "FCF margin: +46.2% -> +55.1% (+8.9%)",
      "severity": "MEDIUM"
    },
    {
      "quarter": "2023-06 (Q2)",
      "signal": "FCF MARGIN EXPANSION",
      "detail": "FCF margin: +11.7% -> +46.2% (+34.5%)",
      "severity": "MEDIUM"
    },
    {
      "quarter": "2022-12 (Q4)",
      "signal": "FCF MARGIN EXPANSION",
      "detail": "FCF margin: +55.4% -> +108.2% (+52.8%)",
      "severity": "MEDIUM"
    }
  ],
  "data_quality": {
    "n_quarters": 20,
    "coverage": {
      "revenue": [
        20,
        20
      ],
      "gross_profit": [
        0,
        20
      ],
      "op_income": [
        0,
        20
      ],
      "fcf": [
        13,
        20
      ]
    },
    "gaps": [
      [
        "2019-09 (Q3)",
        "2022-09 (Q3)",
        1096
      ]
    ],
    "warnings": [
      "gross_profit: no data",
      "op_income: no data",
      "fcf: 13/20Q",
      "gap: 11Q missing between 2019-09 (Q3) and 2022-09 (Q3)"
    ]
  },
  "market_cap": null,
  "source": "SEC EDGAR",
  "last_updated": "2026-02-03T00:52:37.482996"
}