{
  "ticker": "USDP",
  "name": "USD Partners LP",
  "quarters": [
    {
      "date": "2018-12-31T00:00:00",
      "quarter_label": "2018-12 (Q4)",
      "revenue": 30330000,
      "gross_profit": null,
      "operating_income": 6366000,
      "net_income": 1892000,
      "opex": 23964000,
      "cogs": null,
      "rd": null,
      "sga": 2928000,
      "fcf": 4540000,
      "ocf": 12913000,
      "capex": -8373000,
      "gross_margin": null,
      "op_margin": 0.20989119683481702,
      "fcf_margin": 0.14968677876689745
    },
    {
      "date": "2019-03-31T00:00:00",
      "quarter_label": "2019-03 (Q1)",
      "revenue": 27368000,
      "gross_profit": null,
      "operating_income": 5406000,
      "net_income": 1319000,
      "opex": 21962000,
      "cogs": null,
      "rd": null,
      "sga": 2477000,
      "fcf": 9927000,
      "ocf": 10171000,
      "capex": -244000,
      "gross_margin": null,
      "op_margin": 0.1975299619994154,
      "fcf_margin": 0.3627228880444315,
      "fcf_margin_change": 0.21303610927753402
    },
    {
      "date": "2019-06-30T00:00:00",
      "quarter_label": "2019-06 (Q2)",
      "revenue": 26815000,
      "gross_profit": null,
      "operating_income": 5176000,
      "net_income": 951000,
      "opex": 21639000,
      "cogs": null,
      "rd": null,
      "sga": 2722000,
      "fcf": 6903000,
      "ocf": 9336000,
      "capex": -2433000,
      "gross_margin": null,
      "op_margin": 0.19302629125489465,
      "fcf_margin": 0.25743054260674997,
      "fcf_margin_change": -0.10529234543768151
    },
    {
      "date": "2019-09-30T00:00:00",
      "quarter_label": "2019-09 (Q3)",
      "revenue": 29894000,
      "gross_profit": null,
      "operating_income": 5731000,
      "net_income": 2106000,
      "opex": 24163000,
      "cogs": null,
      "rd": null,
      "sga": 4346000,
      "fcf": 10253000,
      "ocf": 14648000,
      "capex": -4395000,
      "gross_margin": null,
      "op_margin": 0.1917107111795009,
      "fcf_margin": 0.34297852411855223,
      "op_leverage_ratio": 0.9844184030214657,
      "fcf_margin_change": 0.08554798151180226
    },
    {
      "date": "2019-12-31T00:00:00",
      "quarter_label": "2019-12 (Q4)",
      "revenue": 29579000,
      "gross_profit": null,
      "operating_income": 4320000,
      "net_income": 2140000,
      "opex": 25259000,
      "cogs": null,
      "rd": null,
      "sga": -3504000,
      "fcf": 2919000,
      "ocf": 4287000,
      "capex": -1368000,
      "gross_margin": null,
      "op_margin": 0.14604956218939114,
      "fcf_margin": 0.09868487778491497,
      "rev_growth_yoy": -0.024760962743158588,
      "fcf_margin_change": -0.24429364633363726
    },
    {
      "date": "2020-03-31T00:00:00",
      "quarter_label": "2020-03 (Q1)",
      "revenue": 30206000,
      "gross_profit": null,
      "operating_income": -29500000,
      "net_income": -33781000,
      "opex": 59706000,
      "cogs": null,
      "rd": null,
      "sga": 5173000,
      "fcf": 11570000,
      "ocf": 11717000,
      "capex": -147000,
      "gross_margin": null,
      "op_margin": -0.9766271601668542,
      "fcf_margin": 0.3830364828179832,
      "incr_op_margin_yoy": -12.299506694855532,
      "rev_growth_yoy": 0.10369774919614148,
      "rev_growth_yoy_accel": 0.12845871193930009,
      "op_leverage_ratio": 0.015543499419608435,
      "fcf_margin_change": 0.2843516050330682
    },
    {
      "date": "2020-06-30T00:00:00",
      "quarter_label": "2020-06 (Q2)",
      "revenue": 27436000,
      "gross_profit": null,
      "operating_income": 5001000,
      "net_income": 1186000,
      "opex": 22435000,
      "cogs": null,
      "rd": null,
      "sga": 4455000,
      "fcf": 5179000,
      "ocf": 5409000,
      "capex": -230000,
      "gross_margin": null,
      "op_margin": 0.1822787578364193,
      "fcf_margin": 0.1887665840501531,
      "rev_growth_yoy": 0.023158679843371246,
      "rev_growth_yoy_accel": -0.08053906935277023,
      "fcf_margin_change": -0.1942698987678301
    },
    {
      "date": "2020-09-30T00:00:00",
      "quarter_label": "2020-09 (Q3)",
      "revenue": 31337000,
      "gross_profit": null,
      "operating_income": 8896000,
      "net_income": 6237000,
      "opex": 22441000,
      "cogs": null,
      "rd": null,
      "sga": 4245000,
      "fcf": 16616000,
      "ocf": 16634000,
      "capex": -18000,
      "gross_margin": null,
      "op_margin": 0.2838816734211954,
      "fcf_margin": 0.5302358234674666,
      "incr_op_margin_yoy": 2.1933471933471935,
      "rev_growth_yoy": 0.048270555964407574,
      "rev_growth_yoy_accel": 0.02511187612103633,
      "op_leverage_ratio": Infinity,
      "fcf_margin_change": 0.34146923941731344
    },
    {
      "date": "2020-12-31T00:00:00",
      "quarter_label": "2020-12 (Q4)",
      "revenue": 31064000,
      "gross_profit": null,
      "operating_income": 7940000,
      "net_income": 6544000,
      "opex": 23124000,
      "cogs": null,
      "rd": null,
      "sga": 4384000,
      "fcf": 14012000,
      "ocf": 16811000,
      "capex": -2799000,
      "gross_margin": null,
      "op_margin": 0.2556013391707443,
      "fcf_margin": 0.4510687612670615,
      "incr_op_margin_yoy": 2.4377104377104377,
      "rev_growth_yoy": 0.050204537002603196,
      "rev_growth_yoy_accel": 0.0019339810381956216,
      "fcf_margin_change": -0.07916706220040504
    },
    {
      "date": "2021-03-31T00:00:00",
      "quarter_label": "2021-03 (Q1)",
      "revenue": 30599000,
      "gross_profit": null,
      "operating_income": 6130000,
      "net_income": 7328000,
      "opex": 24469000,
      "cogs": null,
      "rd": null,
      "sga": 4733000,
      "fcf": 12162000,
      "ocf": 12645000,
      "capex": -483000,
      "gross_margin": null,
      "op_margin": 0.20033334422693552,
      "fcf_margin": 0.39746396941076506,
      "rev_growth_yoy": 0.013010660133748263,
      "rev_growth_yoy_accel": -0.03719387686885493,
      "fcf_margin_change": -0.05360479185629646
    },
    {
      "date": "2021-06-30T00:00:00",
      "quarter_label": "2021-06 (Q2)",
      "revenue": 33521000,
      "gross_profit": null,
      "operating_income": 9154000,
      "net_income": 6716000,
      "opex": 24367000,
      "cogs": null,
      "rd": null,
      "sga": 4036000,
      "fcf": 21558000,
      "ocf": 24112000,
      "capex": -2554000,
      "gross_margin": null,
      "op_margin": 0.27308254527012915,
      "fcf_margin": 0.6431192386861967,
      "incr_op_margin_yoy": 0.6824979457682827,
      "rev_growth_yoy": 0.22178889050882053,
      "rev_growth_yoy_accel": 0.20877823037507226,
      "op_leverage_ratio": Infinity,
      "fcf_margin_change": 0.24565526927543163
    },
    {
      "date": "2021-09-30T00:00:00",
      "quarter_label": "2021-09 (Q3)",
      "revenue": 29764000,
      "gross_profit": null,
      "operating_income": 5524000,
      "net_income": 3808000,
      "opex": 24240000,
      "cogs": null,
      "rd": null,
      "sga": 4245000,
      "fcf": 7321000,
      "ocf": 8834000,
      "capex": -1513000,
      "gross_margin": null,
      "op_margin": 0.18559333422927027,
      "fcf_margin": 0.24596828383281816,
      "incr_op_margin_yoy": 2.143674507310871,
      "rev_growth_yoy": -0.050196253629894376,
      "rev_growth_yoy_accel": -0.2719851441387149,
      "fcf_margin_change": -0.39715095485337853
    },
    {
      "date": "2021-12-31T00:00:00",
      "quarter_label": "2021-12 (Q4)",
      "revenue": 33897000,
      "gross_profit": null,
      "operating_income": 4778000,
      "net_income": 4286000,
      "opex": 29119000,
      "cogs": null,
      "rd": null,
      "sga": 4188000,
      "fcf": 11658000,
      "ocf": 12295000,
      "capex": -637000,
      "gross_margin": null,
      "op_margin": 0.14095642682243267,
      "fcf_margin": 0.3439242410832817,
      "incr_op_margin_yoy": -1.1161313095658312,
      "rev_growth_yoy": 0.09119881534895699,
      "rev_growth_yoy_accel": 0.14139506897885137,
      "op_leverage_ratio": 0.6898837363456499,
      "fcf_margin_change": 0.09795595725046352
    },
    {
      "date": "2022-03-31T00:00:00",
      "quarter_label": "2022-03 (Q1)",
      "revenue": 30129000,
      "gross_profit": null,
      "operating_income": 4737000,
      "net_income": 8991000,
      "opex": 25392000,
      "cogs": null,
      "rd": null,
      "sga": 5255000,
      "fcf": 9033000,
      "ocf": 9233000,
      "capex": -200000,
      "gross_margin": null,
      "op_margin": 0.15722393707059643,
      "fcf_margin": 0.29981081350194166,
      "rev_growth_yoy": -0.0153599790842838,
      "rev_growth_yoy_accel": -0.10655879443324079,
      "fcf_margin_change": -0.044113427581340015
    },
    {
      "date": "2022-06-30T00:00:00",
      "quarter_label": "2022-06 (Q2)",
      "revenue": 33741000,
      "gross_profit": null,
      "operating_income": 5208000,
      "net_income": 3805000,
      "opex": 28533000,
      "cogs": null,
      "rd": null,
      "sga": 7395000,
      "fcf": 6127000,
      "ocf": 6215000,
      "capex": -88000,
      "gross_margin": null,
      "op_margin": 0.15435227171690227,
      "fcf_margin": 0.18158916451794552,
      "rev_growth_yoy": 0.006563050028340444,
      "rev_growth_yoy_accel": 0.021923029112624243,
      "op_leverage_ratio": 0.9691522251833828,
      "fcf_margin_change": -0.11822164898399615
    },
    {
      "date": "2022-09-30T00:00:00",
      "quarter_label": "2022-09 (Q3)",
      "revenue": 21479000,
      "gross_profit": null,
      "operating_income": -72461000,
      "net_income": -69353000,
      "opex": 93940000,
      "cogs": null,
      "rd": null,
      "sga": 4951000,
      "fcf": 13404000,
      "ocf": 13521000,
      "capex": -117000,
      "gross_margin": null,
      "op_margin": -3.373574188742493,
      "fcf_margin": 0.6240513990409237,
      "incr_op_margin_yoy": 9.412794206397104,
      "rev_growth_yoy": -0.27835640370917886,
      "rev_growth_yoy_accel": -0.2849194537375193,
      "fcf_margin_change": 0.44246223452297817
    },
    {
      "date": "2022-12-31T00:00:00",
      "quarter_label": "2022-12 (Q4)",
      "revenue": 20649000,
      "gross_profit": null,
      "operating_income": 2573000,
      "net_income": -3211000,
      "opex": 18076000,
      "cogs": null,
      "rd": null,
      "sga": 4693000,
      "fcf": 8209000,
      "ocf": 8272000,
      "capex": -63000,
      "gross_margin": null,
      "op_margin": 0.12460651847547097,
      "fcf_margin": 0.3975495181364715,
      "incr_op_margin_yoy": 0.16644021739130435,
      "rev_growth_yoy": -0.3908310469953093,
      "rev_growth_yoy_accel": -0.11247464328613044,
      "fcf_margin_change": -0.22650188090445217
    },
    {
      "date": "2023-03-31T00:00:00",
      "quarter_label": "2023-03 (Q1)",
      "revenue": 21126000,
      "gross_profit": null,
      "operating_income": 8014000,
      "net_income": 1975000,
      "opex": 13112000,
      "cogs": null,
      "rd": null,
      "sga": 6584000,
      "fcf": -957000,
      "ocf": -582000,
      "capex": -375000,
      "gross_margin": null,
      "op_margin": 0.37934298968096186,
      "fcf_margin": -0.045299630786708324,
      "incr_op_margin_yoy": -0.3639897811840498,
      "rev_growth_yoy": -0.2988150950911082,
      "rev_growth_yoy_accel": 0.09201595190420109,
      "op_leverage_ratio": Infinity,
      "fcf_margin_change": -0.44284914892317984
    },
    {
      "date": "2023-06-30T00:00:00",
      "quarter_label": "2023-06 (Q2)",
      "revenue": 19471000,
      "gross_profit": null,
      "operating_income": 4421000,
      "net_income": 4635000,
      "opex": 15050000,
      "cogs": null,
      "rd": null,
      "sga": 4153000,
      "fcf": -1306000,
      "ocf": -1306000,
      "capex": null,
      "gross_margin": null,
      "op_margin": 0.22705562118021674,
      "fcf_margin": -0.06707411021519183,
      "incr_op_margin_yoy": 0.05515066573230554,
      "rev_growth_yoy": -0.42292759550695,
      "rev_growth_yoy_accel": -0.12411250041584182,
      "fcf_margin_change": -0.021774479428483505
    },
    {
      "date": "2023-09-30T00:00:00",
      "quarter_label": "2023-09 (Q3)",
      "revenue": 11077000,
      "gross_profit": null,
      "operating_income": -579000,
      "net_income": -2805000,
      "opex": 11656000,
      "cogs": null,
      "rd": null,
      "sga": 3793000,
      "fcf": 594000,
      "ocf": 868000,
      "capex": -274000,
      "gross_margin": null,
      "op_margin": -0.052270470343955946,
      "fcf_margin": 0.05362462760675273,
      "incr_op_margin_yoy": -6.9104018457988845,
      "rev_growth_yoy": -0.48428697797849063,
      "rev_growth_yoy_accel": -0.0613593824715406,
      "fcf_margin_change": 0.12069873782194457
    }
  ],
  "signals": [
    {
      "quarter": "2023-09 (Q3)",
      "signal": "FCF TURNED POSITIVE",
      "detail": "FCF margin: -6.7% -> +5.4%",
      "severity": "HIGH"
    },
    {
      "quarter": "2023-09 (Q3)",
      "signal": "YoY REVENUE GROWTH DECELERATION",
      "detail": "YoY growth: -48.4% vs prior quarter YoY: -42.3% (decel: -6.1%)",
      "severity": "WARNING"
    },
    {
      "quarter": "2023-06 (Q2)",
      "signal": "YoY REVENUE GROWTH DECELERATION",
      "detail": "YoY growth: -42.3% vs prior quarter YoY: -29.9% (decel: -12.4%)",
      "severity": "WARNING"
    },
    {
      "quarter": "2023-03 (Q1)",
      "signal": "YoY REVENUE GROWTH ACCELERATION",
      "detail": "YoY growth: -29.9% vs prior quarter YoY: -39.1% (accel: +9.2%)",
      "severity": "MEDIUM"
    },
    {
      "quarter": "2022-12 (Q4)",
      "signal": "YoY REVENUE GROWTH DECELERATION",
      "detail": "YoY growth: -39.1% vs prior quarter YoY: -27.8% (decel: -11.2%)",
      "severity": "WARNING"
    },
    {
      "quarter": "2022-12 (Q4)",
      "signal": "OP MARGIN TURNED POSITIVE (QoQ)",
      "detail": "Op margin: -337.4% -> +12.5%",
      "severity": "HIGH"
    },
    {
      "quarter": "2022-09 (Q3)",
      "signal": "FCF MARGIN EXPANSION",
      "detail": "FCF margin: +18.2% -> +62.4% (+44.2%)",
      "severity": "MEDIUM"
    },
    {
      "quarter": "2022-09 (Q3)",
      "signal": "YoY REVENUE GROWTH DECELERATION",
      "detail": "YoY growth: -27.8% vs prior quarter YoY: +0.7% (decel: -28.5%)",
      "severity": "WARNING"
    },
    {
      "quarter": "2022-03 (Q1)",
      "signal": "YoY REVENUE GROWTH DECELERATION",
      "detail": "YoY growth: -1.5% vs prior quarter YoY: +9.1% (decel: -10.7%)",
      "severity": "WARNING"
    },
    {
      "quarter": "2021-12 (Q4)",
      "signal": "FCF MARGIN EXPANSION",
      "detail": "FCF margin: +24.6% -> +34.4% (+9.8%)",
      "severity": "MEDIUM"
    },
    {
      "quarter": "2021-12 (Q4)",
      "signal": "YoY REVENUE GROWTH ACCELERATION",
      "detail": "YoY growth: +9.1% vs prior quarter YoY: -5.0% (accel: +14.1%)",
      "severity": "MEDIUM"
    },
    {
      "quarter": "2021-09 (Q3)",
      "signal": "YoY REVENUE GROWTH DECELERATION",
      "detail": "YoY growth: -5.0% vs prior quarter YoY: +22.2% (decel: -27.2%)",
      "severity": "WARNING"
    },
    {
      "quarter": "2021-09 (Q3)",
      "signal": "INCREMENTAL MARGIN (YoY)",
      "detail": "YoY Incr OPM: +214.4% vs year-ago OPM: +28.4%",
      "severity": "HIGH"
    },
    {
      "quarter": "2021-06 (Q2)",
      "signal": "FCF MARGIN EXPANSION",
      "detail": "FCF margin: +39.7% -> +64.3% (+24.6%)",
      "severity": "MEDIUM"
    },
    {
      "quarter": "2021-06 (Q2)",
      "signal": "YoY REVENUE GROWTH ACCELERATION",
      "detail": "YoY growth: +22.2% vs prior quarter YoY: +1.3% (accel: +20.9%)",
      "severity": "HIGH"
    },
    {
      "quarter": "2021-06 (Q2)",
      "signal": "INCREMENTAL MARGIN (YoY)",
      "detail": "YoY Incr OPM: +68.2% vs year-ago OPM: +18.2%",
      "severity": "HIGH"
    },
    {
      "quarter": "2021-03 (Q1)",
      "signal": "OP MARGIN TURNED POSITIVE (YoY)",
      "detail": "Op margin: -97.7% (year-ago) -> +20.0%",
      "severity": "HIGH"
    },
    {
      "quarter": "2020-12 (Q4)",
      "signal": "INCREMENTAL MARGIN (YoY)",
      "detail": "YoY Incr OPM: +243.8% vs year-ago OPM: +14.6%",
      "severity": "HIGH"
    },
    {
      "quarter": "2020-09 (Q3)",
      "signal": "FCF MARGIN EXPANSION",
      "detail": "FCF margin: +18.9% -> +53.0% (+34.1%)",
      "severity": "MEDIUM"
    },
    {
      "quarter": "2020-09 (Q3)",
      "signal": "OPERATING LEVERAGE",
      "detail": "Rev growth +14.2% vs OpEx growth +0.0% (leverage: 531.7x)",
      "severity": "MEDIUM"
    },
    {
      "quarter": "2020-09 (Q3)",
      "signal": "INCREMENTAL MARGIN (YoY)",
      "detail": "YoY Incr OPM: +219.3% vs year-ago OPM: +19.2%",
      "severity": "HIGH"
    },
    {
      "quarter": "2020-06 (Q2)",
      "signal": "YoY REVENUE GROWTH DECELERATION",
      "detail": "YoY growth: +2.3% vs prior quarter YoY: +10.4% (decel: -8.1%)",
      "severity": "WARNING"
    },
    {
      "quarter": "2020-06 (Q2)",
      "signal": "OP MARGIN TURNED POSITIVE (QoQ)",
      "detail": "Op margin: -97.7% -> +18.2%",
      "severity": "HIGH"
    },
    {
      "quarter": "2020-03 (Q1)",
      "signal": "FCF MARGIN EXPANSION",
      "detail": "FCF margin: +9.9% -> +38.3% (+28.4%)",
      "severity": "MEDIUM"
    },
    {
      "quarter": "2020-03 (Q1)",
      "signal": "YoY REVENUE GROWTH ACCELERATION",
      "detail": "YoY growth: +10.4% vs prior quarter YoY: -2.5% (accel: +12.8%)",
      "severity": "MEDIUM"
    },
    {
      "quarter": "2019-09 (Q3)",
      "signal": "FCF MARGIN EXPANSION",
      "detail": "FCF margin: +25.7% -> +34.3% (+8.6%)",
      "severity": "MEDIUM"
    },
    {
      "quarter": "2019-03 (Q1)",
      "signal": "FCF MARGIN EXPANSION",
      "detail": "FCF margin: +15.0% -> +36.3% (+21.3%)",
      "severity": "MEDIUM"
    }
  ],
  "data_quality": {
    "n_quarters": 20,
    "coverage": {
      "revenue": [
        20,
        20
      ],
      "gross_profit": [
        0,
        20
      ],
      "op_income": [
        20,
        20
      ],
      "fcf": [
        20,
        20
      ]
    },
    "gaps": [],
    "warnings": [
      "gross_profit: no data"
    ]
  },
  "market_cap": null,
  "source": "SEC EDGAR",
  "last_updated": "2026-02-03T01:06:56.633589"
}