{
  "ticker": "USFD",
  "name": "US FOODS HOLDING CORP.",
  "quarters": [
    {
      "date": "2021-01-02T00:00:00",
      "quarter_label": "2021-01 (Q1)",
      "revenue": 6138000000,
      "gross_profit": 1008000000,
      "operating_income": 30000000,
      "net_income": -10000000,
      "opex": 978000000,
      "cogs": 5130000000,
      "rd": null,
      "sga": 978000000,
      "fcf": -155000000,
      "ocf": -120000000,
      "capex": -35000000,
      "gross_margin": 0.16422287390029325,
      "op_margin": 0.004887585532746823,
      "fcf_margin": -0.025252525252525252
    },
    {
      "date": "2021-04-03T00:00:00",
      "quarter_label": "2021-04 (Q2)",
      "revenue": 6295000000,
      "gross_profit": 1003000000,
      "operating_income": 28000000,
      "net_income": -24000000,
      "opex": 975000000,
      "cogs": 5292000000,
      "rd": null,
      "sga": 972000000,
      "fcf": 130000000,
      "ocf": 176000000,
      "capex": -46000000,
      "gross_margin": 0.15933280381254963,
      "op_margin": 0.004447974583002383,
      "fcf_margin": 0.020651310563939634,
      "op_leverage_ratio": Infinity,
      "fcf_margin_change": 0.045903835816464886
    },
    {
      "date": "2021-07-03T00:00:00",
      "quarter_label": "2021-07 (Q3)",
      "revenue": 7663000000,
      "gross_profit": 1169000000,
      "operating_income": 124000000,
      "net_income": 55000000,
      "opex": 1045000000,
      "cogs": 6494000000,
      "rd": null,
      "sga": 1044000000,
      "fcf": 13000000,
      "ocf": 74000000,
      "capex": -61000000,
      "gross_margin": 0.1525512201487668,
      "op_margin": 0.01618165209447997,
      "fcf_margin": 0.0016964635260341902,
      "op_leverage_ratio": 3.0268920912288664,
      "fcf_margin_change": -0.018954847037905443
    },
    {
      "date": "2021-10-02T00:00:00",
      "quarter_label": "2021-10 (Q4)",
      "revenue": 7890000000,
      "gross_profit": 1241000000,
      "operating_income": 135000000,
      "net_income": 64000000,
      "opex": 1106000000,
      "cogs": 6649000000,
      "rd": null,
      "sga": 1099000000,
      "fcf": 204000000,
      "ocf": 270000000,
      "capex": -66000000,
      "gross_margin": 0.15728770595690747,
      "op_margin": 0.017110266159695818,
      "fcf_margin": 0.02585551330798479,
      "op_leverage_ratio": 0.5074736384971001,
      "fcf_margin_change": 0.0241590497819506
    },
    {
      "date": "2022-01-01T00:00:00",
      "quarter_label": "2022-01 (Q1)",
      "revenue": 7639000000,
      "gross_profit": 1242000000,
      "operating_income": 137000000,
      "net_income": 69000000,
      "opex": 1105000000,
      "cogs": 6397000000,
      "rd": null,
      "sga": 1105000000,
      "fcf": -202000000,
      "ocf": -101000000,
      "capex": -101000000,
      "gross_margin": 0.162586726011258,
      "op_margin": 0.017934284592224112,
      "fcf_margin": -0.026443251734520227,
      "incr_op_margin_yoy": 0.07128580946035976,
      "rev_growth_yoy": 0.24454219615509937,
      "fcf_margin_change": -0.05229876504250502
    },
    {
      "date": "2022-04-02T00:00:00",
      "quarter_label": "2022-04 (Q2)",
      "revenue": 7798000000,
      "gross_profit": 1195000000,
      "operating_income": 34000000,
      "net_income": -7000000,
      "opex": 1161000000,
      "cogs": 6603000000,
      "rd": null,
      "sga": 1161000000,
      "fcf": 86000000,
      "ocf": 158000000,
      "capex": -72000000,
      "gross_margin": 0.15324442164657603,
      "op_margin": 0.0043600923313670175,
      "fcf_margin": 0.011028468838163632,
      "incr_op_margin_yoy": 0.003992015968063872,
      "rev_growth_yoy": 0.23876092136616361,
      "rev_growth_yoy_accel": -0.005781274788935753,
      "op_leverage_ratio": 0.4107096104576141,
      "fcf_margin_change": 0.03747172057268386
    },
    {
      "date": "2022-07-02T00:00:00",
      "quarter_label": "2022-07 (Q3)",
      "revenue": 8827000000,
      "gross_profit": 1383000000,
      "operating_income": 150000000,
      "net_income": 70000000,
      "opex": 1233000000,
      "cogs": 7444000000,
      "rd": null,
      "sga": 1233000000,
      "fcf": 30000000,
      "ocf": 101000000,
      "capex": -71000000,
      "gross_margin": 0.15667837317321853,
      "op_margin": 0.016993315962388126,
      "fcf_margin": 0.0033986631924776255,
      "incr_op_margin_yoy": 0.022336769759450172,
      "rev_growth_yoy": 0.1518987341772152,
      "rev_growth_yoy_accel": -0.08686218718894842,
      "op_leverage_ratio": 2.127805206463196,
      "fcf_margin_change": -0.007629805645686006
    },
    {
      "date": "2022-10-01T00:00:00",
      "quarter_label": "2022-10 (Q4)",
      "revenue": 8917000000,
      "gross_profit": 1460000000,
      "operating_income": 214000000,
      "net_income": 109000000,
      "opex": 1246000000,
      "cogs": 7457000000,
      "rd": null,
      "sga": 1246000000,
      "fcf": 296000000,
      "ocf": 354000000,
      "capex": -58000000,
      "gross_margin": 0.16373219692721766,
      "op_margin": 0.02399910283727711,
      "fcf_margin": 0.03319502074688797,
      "incr_op_margin_yoy": 0.07692307692307693,
      "rev_growth_yoy": 0.13016476552598225,
      "rev_growth_yoy_accel": -0.02173396865123295,
      "op_leverage_ratio": 0.9670503960749798,
      "fcf_margin_change": 0.02979635755441034
    },
    {
      "date": "2022-12-31T00:00:00",
      "quarter_label": "2022-12 (Q4)",
      "revenue": 8515000000,
      "gross_profit": 1454000000,
      "operating_income": 196000000,
      "net_income": 93000000,
      "opex": 1258000000,
      "cogs": 7061000000,
      "rd": null,
      "sga": 1246000000,
      "fcf": 88000000,
      "ocf": 152000000,
      "capex": -64000000,
      "gross_margin": 0.17075748678802113,
      "op_margin": 0.023018203170874926,
      "fcf_margin": 0.010334703464474456,
      "incr_op_margin_yoy": 0.06735159817351598,
      "rev_growth_yoy": 0.11467469564079068,
      "rev_growth_yoy_accel": -0.015490069885191568,
      "fcf_margin_change": -0.02286031728241351
    },
    {
      "date": "2023-04-01T00:00:00",
      "quarter_label": "2023-04 (Q2)",
      "revenue": 8542000000,
      "gross_profit": 1425000000,
      "operating_income": 187000000,
      "net_income": 82000000,
      "opex": 1238000000,
      "cogs": 7117000000,
      "rd": null,
      "sga": 1238000000,
      "fcf": 218000000,
      "ocf": 279000000,
      "capex": -61000000,
      "gross_margin": 0.16682275813626785,
      "op_margin": 0.02189182861156638,
      "fcf_margin": 0.02552095527979396,
      "incr_op_margin_yoy": 0.2056451612903226,
      "rev_growth_yoy": 0.09540907925109002,
      "rev_growth_yoy_accel": -0.01926561638970066,
      "fcf_margin_change": 0.015186251815319504
    },
    {
      "date": "2023-07-01T00:00:00",
      "quarter_label": "2023-07 (Q3)",
      "revenue": 9013000000,
      "gross_profit": 1591000000,
      "operating_income": 322000000,
      "net_income": 182000000,
      "opex": 1269000000,
      "cogs": 7422000000,
      "rd": null,
      "sga": 1269000000,
      "fcf": 327000000,
      "ocf": 374000000,
      "capex": -47000000,
      "gross_margin": 0.17652280039942306,
      "op_margin": 0.03572617330522578,
      "fcf_margin": 0.03628092754909575,
      "incr_op_margin_yoy": 0.9247311827956989,
      "rev_growth_yoy": 0.02107171179336128,
      "rev_growth_yoy_accel": -0.07433736745772873,
      "op_leverage_ratio": 2.2020150905204643,
      "fcf_margin_change": 0.010759972269301792
    },
    {
      "date": "2023-09-30T00:00:00",
      "quarter_label": "2023-09 (Q3)",
      "revenue": 9106000000,
      "gross_profit": 1542000000,
      "operating_income": 230000000,
      "net_income": 95000000,
      "opex": 1312000000,
      "cogs": 7564000000,
      "rd": null,
      "sga": 1312000000,
      "fcf": 223000000,
      "ocf": 282000000,
      "capex": -59000000,
      "gross_margin": 0.16933889743026576,
      "op_margin": 0.025258071601142105,
      "fcf_margin": 0.024489347682846475,
      "incr_op_margin_yoy": 0.08465608465608465,
      "rev_growth_yoy": 0.021195469328249412,
      "rev_growth_yoy_accel": 0.00012375753488813243,
      "op_leverage_ratio": 0.3045136353432638,
      "fcf_margin_change": -0.011791579866249277
    },
    {
      "date": "2023-12-30T00:00:00",
      "quarter_label": "2023-12 (Q4)",
      "revenue": 8936000000,
      "gross_profit": 1590000000,
      "operating_income": 278000000,
      "net_income": 147000000,
      "opex": 1312000000,
      "cogs": 7346000000,
      "rd": null,
      "sga": 1298000000,
      "fcf": 63000000,
      "ocf": 205000000,
      "capex": -142000000,
      "gross_margin": 0.1779319606087735,
      "op_margin": 0.031110116383169205,
      "fcf_margin": 0.0070501342882721574,
      "incr_op_margin_yoy": 0.19477434679334918,
      "rev_growth_yoy": 0.04944216089254257,
      "rev_growth_yoy_accel": 0.02824669156429316,
      "fcf_margin_change": -0.01743921339457432
    },
    {
      "date": "2024-03-30T00:00:00",
      "quarter_label": "2024-03 (Q1)",
      "revenue": 8949000000,
      "gross_profit": 1495000000,
      "operating_income": 165000000,
      "net_income": 82000000,
      "opex": 1330000000,
      "cogs": 7454000000,
      "rd": null,
      "sga": 1317000000,
      "fcf": 52000000,
      "ocf": 139000000,
      "capex": -87000000,
      "gross_margin": 0.16705777181808024,
      "op_margin": 0.01843781428092524,
      "fcf_margin": 0.005810705106715834,
      "incr_op_margin_yoy": -0.05405405405405406,
      "rev_growth_yoy": 0.047646921095762115,
      "rev_growth_yoy_accel": -0.0017952397967804581,
      "fcf_margin_change": -0.0012394291815563232
    },
    {
      "date": "2024-06-29T00:00:00",
      "quarter_label": "2024-06 (Q2)",
      "revenue": 9709000000,
      "gross_profit": 1706000000,
      "operating_income": 353000000,
      "net_income": 198000000,
      "opex": 1353000000,
      "cogs": 8003000000,
      "rd": null,
      "sga": 1354000000,
      "fcf": 413000000,
      "ocf": 482000000,
      "capex": -69000000,
      "gross_margin": 0.17571325574209495,
      "op_margin": 0.03635801833350499,
      "fcf_margin": 0.04253785147801009,
      "incr_op_margin_yoy": 0.04454022988505747,
      "rev_growth_yoy": 0.07722179074669921,
      "rev_growth_yoy_accel": 0.0295748696509371,
      "op_leverage_ratio": 4.910920336010339,
      "fcf_margin_change": 0.036727146371294254
    },
    {
      "date": "2024-09-28T00:00:00",
      "quarter_label": "2024-09 (Q3)",
      "revenue": 9728000000,
      "gross_profit": 1667000000,
      "operating_income": 279000000,
      "net_income": 148000000,
      "opex": 1388000000,
      "cogs": 8061000000,
      "rd": null,
      "sga": 1379000000,
      "fcf": 190000000,
      "ocf": 270000000,
      "capex": -80000000,
      "gross_margin": 0.17136101973684212,
      "op_margin": 0.028680098684210526,
      "fcf_margin": 0.01953125,
      "incr_op_margin_yoy": 0.07877813504823152,
      "rev_growth_yoy": 0.06830661102569734,
      "rev_growth_yoy_accel": -0.008915179721001878,
      "fcf_margin_change": -0.02300660147801009
    },
    {
      "date": "2024-12-28T00:00:00",
      "quarter_label": "2024-12 (Q4)",
      "revenue": 9491000000,
      "gross_profit": 1666000000,
      "operating_income": 302000000,
      "net_income": 66000000,
      "opex": 1364000000,
      "cogs": 7825000000,
      "rd": null,
      "sga": 1362000000,
      "fcf": 178000000,
      "ocf": 283000000,
      "capex": -105000000,
      "gross_margin": 0.1755347171004109,
      "op_margin": 0.03181961858602887,
      "fcf_margin": 0.018754609630175955,
      "incr_op_margin_yoy": 0.043243243243243246,
      "rev_growth_yoy": 0.06210832587287377,
      "rev_growth_yoy_accel": -0.006198285152823564,
      "fcf_margin_change": -0.000776640369824045
    },
    {
      "date": "2025-03-29T00:00:00",
      "quarter_label": "2025-03 (Q1)",
      "revenue": 9351000000,
      "gross_profit": 1614000000,
      "operating_income": 224000000,
      "net_income": 115000000,
      "opex": 1390000000,
      "cogs": 7737000000,
      "rd": null,
      "sga": 1385000000,
      "fcf": 307000000,
      "ocf": 391000000,
      "capex": -84000000,
      "gross_margin": 0.1726018607635547,
      "op_margin": 0.02395465725590846,
      "fcf_margin": 0.03283071329269597,
      "incr_op_margin_yoy": 0.14676616915422885,
      "rev_growth_yoy": 0.04492122024807241,
      "rev_growth_yoy_accel": -0.017187105624801365,
      "fcf_margin_change": 0.014076103662520014
    },
    {
      "date": "2025-06-28T00:00:00",
      "quarter_label": "2025-06 (Q2)",
      "revenue": 10082000000,
      "gross_profit": 1777000000,
      "operating_income": 372000000,
      "net_income": 224000000,
      "opex": 1405000000,
      "cogs": 8305000000,
      "rd": null,
      "sga": 1403000000,
      "fcf": 257000000,
      "ocf": 334000000,
      "capex": -77000000,
      "gross_margin": 0.1762547113667923,
      "op_margin": 0.03689744098393176,
      "fcf_margin": 0.02549097401309264,
      "incr_op_margin_yoy": 0.05093833780160858,
      "rev_growth_yoy": 0.03841796271500669,
      "rev_growth_yoy_accel": -0.006503257533065715,
      "op_leverage_ratio": 7.24407371760596,
      "fcf_margin_change": -0.007339739279603328
    },
    {
      "date": "2025-09-27T00:00:00",
      "quarter_label": "2025-09 (Q3)",
      "revenue": 10191000000,
      "gross_profit": 1753000000,
      "operating_income": 282000000,
      "net_income": 153000000,
      "opex": 1471000000,
      "cogs": 8438000000,
      "rd": null,
      "sga": 1458000000,
      "fcf": 236000000,
      "ocf": 351000000,
      "capex": -115000000,
      "gross_margin": 0.17201452261799627,
      "op_margin": 0.027671474830733,
      "fcf_margin": 0.02315768815621627,
      "incr_op_margin_yoy": 0.0064794816414686825,
      "rev_growth_yoy": 0.04759457236842105,
      "rev_growth_yoy_accel": 0.00917660965341436,
      "op_leverage_ratio": 0.23015064351108788,
      "fcf_margin_change": -0.002333285856876373
    }
  ],
  "signals": [
    {
      "quarter": "2025-06 (Q2)",
      "signal": "OPERATING LEVERAGE",
      "detail": "Rev growth +7.8% vs OpEx growth +1.1% (leverage: 7.2x)",
      "severity": "MEDIUM"
    },
    {
      "quarter": "2025-03 (Q1)",
      "signal": "INCREMENTAL MARGIN (YoY)",
      "detail": "YoY Incr OPM: +14.7% vs year-ago OPM: +1.8%",
      "severity": "MEDIUM"
    },
    {
      "quarter": "2024-06 (Q2)",
      "signal": "OPERATING LEVERAGE",
      "detail": "Rev growth +8.5% vs OpEx growth +1.7% (leverage: 4.9x)",
      "severity": "MEDIUM"
    },
    {
      "quarter": "2023-12 (Q4)",
      "signal": "INCREMENTAL MARGIN (YoY)",
      "detail": "YoY Incr OPM: +19.5% vs year-ago OPM: +2.3%",
      "severity": "MEDIUM"
    },
    {
      "quarter": "2023-07 (Q3)",
      "signal": "OPERATING LEVERAGE",
      "detail": "Rev growth +5.5% vs OpEx growth +2.5% (leverage: 2.2x)",
      "severity": "MEDIUM"
    },
    {
      "quarter": "2023-07 (Q3)",
      "signal": "YoY REVENUE GROWTH DECELERATION",
      "detail": "YoY growth: +2.1% vs prior quarter YoY: +9.5% (decel: -7.4%)",
      "severity": "WARNING"
    },
    {
      "quarter": "2023-07 (Q3)",
      "signal": "INCREMENTAL MARGIN (YoY)",
      "detail": "YoY Incr OPM: +92.5% vs year-ago OPM: +1.7%",
      "severity": "HIGH"
    },
    {
      "quarter": "2023-04 (Q2)",
      "signal": "INCREMENTAL MARGIN (YoY)",
      "detail": "YoY Incr OPM: +20.6% vs year-ago OPM: +0.4%",
      "severity": "HIGH"
    },
    {
      "quarter": "2022-07 (Q3)",
      "signal": "OPERATING LEVERAGE",
      "detail": "Rev growth +13.2% vs OpEx growth +6.2% (leverage: 2.1x)",
      "severity": "MEDIUM"
    },
    {
      "quarter": "2022-07 (Q3)",
      "signal": "YoY REVENUE GROWTH DECELERATION",
      "detail": "YoY growth: +15.2% vs prior quarter YoY: +23.9% (decel: -8.7%)",
      "severity": "WARNING"
    },
    {
      "quarter": "2022-04 (Q2)",
      "signal": "FCF TURNED POSITIVE",
      "detail": "FCF margin: -2.6% -> +1.1%",
      "severity": "HIGH"
    },
    {
      "quarter": "2021-07 (Q3)",
      "signal": "OPERATING LEVERAGE",
      "detail": "Rev growth +21.7% vs OpEx growth +7.2% (leverage: 3.0x)",
      "severity": "MEDIUM"
    },
    {
      "quarter": "2021-04 (Q2)",
      "signal": "FCF TURNED POSITIVE",
      "detail": "FCF margin: -2.5% -> +2.1%",
      "severity": "HIGH"
    }
  ],
  "data_quality": {
    "n_quarters": 20,
    "coverage": {
      "revenue": [
        20,
        20
      ],
      "gross_profit": [
        20,
        20
      ],
      "op_income": [
        20,
        20
      ],
      "fcf": [
        20,
        20
      ]
    },
    "gaps": [],
    "warnings": []
  },
  "market_cap": null,
  "source": "SEC EDGAR",
  "last_updated": "2026-02-02T20:20:03.206910"
}