{
  "ticker": "USO",
  "name": "UNITED STATES OIL FUND, LP",
  "quarters": [
    {
      "date": "2020-12-31T00:00:00",
      "quarter_label": "2020-12 (Q4)",
      "revenue": 562237243,
      "gross_profit": null,
      "operating_income": null,
      "net_income": 555364520,
      "opex": 6872723,
      "cogs": null,
      "rd": null,
      "sga": null,
      "fcf": 275792300,
      "ocf": 275792300,
      "capex": null,
      "gross_margin": null,
      "op_margin": null,
      "fcf_margin": 0.49052655873243173
    },
    {
      "date": "2021-03-31T00:00:00",
      "quarter_label": "2021-03 (Q1)",
      "revenue": 727913736,
      "gross_profit": null,
      "operating_income": null,
      "net_income": 721469107,
      "opex": 6444629,
      "cogs": null,
      "rd": null,
      "sga": null,
      "fcf": 838985506,
      "ocf": 838985506,
      "capex": null,
      "gross_margin": null,
      "op_margin": null,
      "fcf_margin": 1.1525891936184043,
      "op_leverage_ratio": Infinity,
      "fcf_margin_change": 0.6620626348859726
    },
    {
      "date": "2021-06-30T00:00:00",
      "quarter_label": "2021-06 (Q2)",
      "revenue": 661006102,
      "gross_profit": null,
      "operating_income": null,
      "net_income": 654237493,
      "opex": 6768609,
      "cogs": null,
      "rd": null,
      "sga": null,
      "fcf": 601632434,
      "ocf": 601632434,
      "capex": null,
      "gross_margin": null,
      "op_margin": null,
      "fcf_margin": 0.9101768231482983,
      "fcf_margin_change": -0.242412370470106
    },
    {
      "date": "2021-09-30T00:00:00",
      "quarter_label": "2021-09 (Q3)",
      "revenue": 140294965,
      "gross_profit": null,
      "operating_income": null,
      "net_income": 134666389,
      "opex": 5628576,
      "cogs": null,
      "rd": null,
      "sga": null,
      "fcf": 212427038,
      "ocf": 212427038,
      "capex": null,
      "gross_margin": null,
      "op_margin": null,
      "fcf_margin": 1.514145842653726,
      "fcf_margin_change": 0.6039690195054277
    },
    {
      "date": "2021-12-31T00:00:00",
      "quarter_label": "2021-12 (Q4)",
      "revenue": 97012862,
      "gross_profit": null,
      "operating_income": null,
      "net_income": 91901255,
      "opex": 5111607,
      "cogs": null,
      "rd": null,
      "sga": null,
      "fcf": 214873824,
      "ocf": 214873824,
      "capex": null,
      "gross_margin": null,
      "op_margin": null,
      "fcf_margin": 2.214900370633329,
      "rev_growth_yoy": -0.8274520885838934,
      "fcf_margin_change": 0.700754527979603
    },
    {
      "date": "2022-03-31T00:00:00",
      "quarter_label": "2022-03 (Q1)",
      "revenue": 823400253,
      "gross_profit": null,
      "operating_income": null,
      "net_income": 818899602,
      "opex": 4500651,
      "cogs": null,
      "rd": null,
      "sga": null,
      "fcf": 804577162,
      "ocf": 804577162,
      "capex": null,
      "gross_margin": null,
      "op_margin": null,
      "fcf_margin": 0.9771398042064969,
      "rev_growth_yoy": 0.13117834198968872,
      "rev_growth_yoy_accel": 0.9586304305735821,
      "op_leverage_ratio": Infinity,
      "fcf_margin_change": -1.237760566426832
    },
    {
      "date": "2022-06-30T00:00:00",
      "quarter_label": "2022-06 (Q2)",
      "revenue": 251754802,
      "gross_profit": null,
      "operating_income": null,
      "net_income": 247761939,
      "opex": 3992863,
      "cogs": null,
      "rd": null,
      "sga": null,
      "fcf": 354326245,
      "ocf": 354326245,
      "capex": null,
      "gross_margin": null,
      "op_margin": null,
      "fcf_margin": 1.4074259644111973,
      "rev_growth_yoy": -0.6191339213991098,
      "rev_growth_yoy_accel": -0.7503122633887985,
      "fcf_margin_change": 0.43028616020470034
    },
    {
      "date": "2022-09-30T00:00:00",
      "quarter_label": "2022-09 (Q3)",
      "revenue": -435341582,
      "gross_profit": null,
      "operating_income": null,
      "net_income": -438850927,
      "opex": 3509345,
      "cogs": null,
      "rd": null,
      "sga": null,
      "fcf": -168471786,
      "ocf": -168471786,
      "capex": null,
      "gross_margin": null,
      "op_margin": null,
      "fcf_margin": 0.38698758162733926,
      "rev_growth_yoy": -4.103044945340697,
      "rev_growth_yoy_accel": -3.4839110239415874,
      "fcf_margin_change": -1.020438382783858
    },
    {
      "date": "2022-12-31T00:00:00",
      "quarter_label": "2022-12 (Q4)",
      "revenue": 160898401,
      "gross_profit": null,
      "operating_income": null,
      "net_income": 157429663,
      "opex": 3468738,
      "cogs": null,
      "rd": null,
      "sga": null,
      "fcf": -118569311,
      "ocf": -118569311,
      "capex": null,
      "gross_margin": null,
      "op_margin": null,
      "fcf_margin": -0.7369203812037883,
      "rev_growth_yoy": 0.6585264848696042,
      "rev_growth_yoy_accel": 4.761571430210301,
      "fcf_margin_change": -1.1239079628311277
    },
    {
      "date": "2023-03-31T00:00:00",
      "quarter_label": "2023-03 (Q1)",
      "revenue": -66835819,
      "gross_profit": null,
      "operating_income": null,
      "net_income": -69659449,
      "opex": 2823630,
      "cogs": null,
      "rd": null,
      "sga": null,
      "fcf": -31367986,
      "ocf": -31367986,
      "capex": null,
      "gross_margin": null,
      "op_margin": null,
      "fcf_margin": 0.4693289686477845,
      "rev_growth_yoy": -1.0811705106435034,
      "rev_growth_yoy_accel": -1.7396969955131076,
      "fcf_margin_change": 1.2062493498515727
    },
    {
      "date": "2023-06-30T00:00:00",
      "quarter_label": "2023-06 (Q2)",
      "revenue": -32164547,
      "gross_profit": null,
      "operating_income": null,
      "net_income": -34910503,
      "opex": 2745956,
      "cogs": null,
      "rd": null,
      "sga": null,
      "fcf": -32240951,
      "ocf": -32240951,
      "capex": null,
      "gross_margin": null,
      "op_margin": null,
      "fcf_margin": 1.0023754104169413,
      "rev_growth_yoy": -1.1277614041300392,
      "rev_growth_yoy_accel": -0.04659089348653578,
      "fcf_margin_change": 0.5330464417691568
    },
    {
      "date": "2023-09-30T00:00:00",
      "quarter_label": "2023-09 (Q3)",
      "revenue": 357724065,
      "gross_profit": null,
      "operating_income": null,
      "net_income": 355087475,
      "opex": 2636590,
      "cogs": null,
      "rd": null,
      "sga": null,
      "fcf": 282918470,
      "ocf": 282918470,
      "capex": null,
      "gross_margin": null,
      "op_margin": null,
      "fcf_margin": 0.7908846445653579,
      "fcf_margin_change": -0.21149076585158344
    },
    {
      "date": "2023-12-31T00:00:00",
      "quarter_label": "2023-12 (Q4)",
      "revenue": -293623376,
      "gross_profit": null,
      "operating_income": null,
      "net_income": -296561045,
      "opex": 2937669,
      "cogs": null,
      "rd": null,
      "sga": null,
      "fcf": -232098018,
      "ocf": -232098018,
      "capex": null,
      "gross_margin": null,
      "op_margin": null,
      "fcf_margin": 0.7904616490752425,
      "rev_growth_yoy": -2.8248992791419973,
      "fcf_margin_change": -0.0004229954901153743
    },
    {
      "date": "2024-03-31T00:00:00",
      "quarter_label": "2024-03 (Q1)",
      "revenue": 243169142,
      "gross_profit": null,
      "operating_income": null,
      "net_income": 240295171,
      "opex": 2873971,
      "cogs": null,
      "rd": null,
      "sga": null,
      "fcf": 169610792,
      "ocf": 169610792,
      "capex": null,
      "gross_margin": null,
      "op_margin": null,
      "fcf_margin": 0.6975012972657526,
      "fcf_margin_change": -0.09296035180948992
    },
    {
      "date": "2024-06-30T00:00:00",
      "quarter_label": "2024-06 (Q2)",
      "revenue": 22646159,
      "gross_profit": null,
      "operating_income": null,
      "net_income": 19928292,
      "opex": 2717867,
      "cogs": null,
      "rd": null,
      "sga": null,
      "fcf": 23398722,
      "ocf": 23398722,
      "capex": null,
      "gross_margin": null,
      "op_margin": null,
      "fcf_margin": 1.0332313749099793,
      "fcf_margin_change": 0.3357300776442267
    },
    {
      "date": "2024-09-30T00:00:00",
      "quarter_label": "2024-09 (Q3)",
      "revenue": -132775208,
      "gross_profit": null,
      "operating_income": null,
      "net_income": -135450397,
      "opex": 2675189,
      "cogs": null,
      "rd": null,
      "sga": null,
      "fcf": -71199709,
      "ocf": -71199709,
      "capex": null,
      "gross_margin": null,
      "op_margin": null,
      "fcf_margin": 0.5362424964154453,
      "rev_growth_yoy": -1.3711665526332426,
      "fcf_margin_change": -0.496988878494534
    },
    {
      "date": "2024-12-31T00:00:00",
      "quarter_label": "2024-12 (Q4)",
      "revenue": 98876169,
      "gross_profit": null,
      "operating_income": null,
      "net_income": 96345125,
      "opex": 2531044,
      "cogs": null,
      "rd": null,
      "sga": null,
      "fcf": 53928877,
      "ocf": 53928877,
      "capex": null,
      "gross_margin": null,
      "op_margin": null,
      "fcf_margin": 0.5454183505026373,
      "fcf_margin_change": 0.009175854087192015
    },
    {
      "date": "2025-03-31T00:00:00",
      "quarter_label": "2025-03 (Q1)",
      "revenue": 42404806,
      "gross_profit": null,
      "operating_income": null,
      "net_income": 40302537,
      "opex": 2102269,
      "cogs": null,
      "rd": null,
      "sga": null,
      "fcf": 25108510,
      "ocf": 25108510,
      "capex": null,
      "gross_margin": null,
      "op_margin": null,
      "fcf_margin": 0.5921147239772775,
      "rev_growth_yoy": -0.8256160068204706,
      "fcf_margin_change": 0.046696373474640174
    },
    {
      "date": "2025-06-30T00:00:00",
      "quarter_label": "2025-06 (Q2)",
      "revenue": -70828412,
      "gross_profit": null,
      "operating_income": null,
      "net_income": -72961484,
      "opex": 2133072,
      "cogs": null,
      "rd": null,
      "sga": null,
      "fcf": 30411853,
      "ocf": 30411853,
      "capex": null,
      "gross_margin": null,
      "op_margin": null,
      "fcf_margin": -0.4293736389289654,
      "rev_growth_yoy": -4.1276125898436025,
      "rev_growth_yoy_accel": -3.301996583023132,
      "fcf_margin_change": -1.021488362906243
    },
    {
      "date": "2025-09-30T00:00:00",
      "quarter_label": "2025-09 (Q3)",
      "revenue": 25561469,
      "gross_profit": null,
      "operating_income": null,
      "net_income": 23463970,
      "opex": 2097499,
      "cogs": null,
      "rd": null,
      "sga": null,
      "fcf": -27345420,
      "ocf": -27345420,
      "capex": null,
      "gross_margin": null,
      "op_margin": null,
      "fcf_margin": -1.0697906290127535,
      "fcf_margin_change": -0.640416990083788
    }
  ],
  "signals": [
    {
      "quarter": "2025-06 (Q2)",
      "signal": "YoY REVENUE GROWTH DECELERATION",
      "detail": "YoY growth: -412.8% vs prior quarter YoY: -82.6% (decel: -330.2%)",
      "severity": "WARNING"
    },
    {
      "quarter": "2024-06 (Q2)",
      "signal": "FCF MARGIN EXPANSION",
      "detail": "FCF margin: +69.8% -> +103.3% (+33.6%)",
      "severity": "MEDIUM"
    },
    {
      "quarter": "2023-06 (Q2)",
      "signal": "FCF MARGIN EXPANSION",
      "detail": "FCF margin: +46.9% -> +100.2% (+53.3%)",
      "severity": "MEDIUM"
    },
    {
      "quarter": "2023-03 (Q1)",
      "signal": "FCF TURNED POSITIVE",
      "detail": "FCF margin: -73.7% -> +46.9%",
      "severity": "HIGH"
    },
    {
      "quarter": "2023-03 (Q1)",
      "signal": "YoY REVENUE GROWTH DECELERATION",
      "detail": "YoY growth: -108.1% vs prior quarter YoY: +65.9% (decel: -174.0%)",
      "severity": "WARNING"
    },
    {
      "quarter": "2022-12 (Q4)",
      "signal": "YoY REVENUE GROWTH ACCELERATION",
      "detail": "YoY growth: +65.9% vs prior quarter YoY: -410.3% (accel: +476.2%)",
      "severity": "HIGH"
    },
    {
      "quarter": "2022-09 (Q3)",
      "signal": "YoY REVENUE GROWTH DECELERATION",
      "detail": "YoY growth: -410.3% vs prior quarter YoY: -61.9% (decel: -348.4%)",
      "severity": "WARNING"
    },
    {
      "quarter": "2022-06 (Q2)",
      "signal": "FCF MARGIN EXPANSION",
      "detail": "FCF margin: +97.7% -> +140.7% (+43.0%)",
      "severity": "MEDIUM"
    },
    {
      "quarter": "2022-06 (Q2)",
      "signal": "YoY REVENUE GROWTH DECELERATION",
      "detail": "YoY growth: -61.9% vs prior quarter YoY: +13.1% (decel: -75.0%)",
      "severity": "WARNING"
    },
    {
      "quarter": "2022-03 (Q1)",
      "signal": "YoY REVENUE GROWTH ACCELERATION",
      "detail": "YoY growth: +13.1% vs prior quarter YoY: -82.7% (accel: +95.9%)",
      "severity": "HIGH"
    },
    {
      "quarter": "2021-12 (Q4)",
      "signal": "FCF MARGIN EXPANSION",
      "detail": "FCF margin: +151.4% -> +221.5% (+70.1%)",
      "severity": "MEDIUM"
    },
    {
      "quarter": "2021-09 (Q3)",
      "signal": "FCF MARGIN EXPANSION",
      "detail": "FCF margin: +91.0% -> +151.4% (+60.4%)",
      "severity": "MEDIUM"
    },
    {
      "quarter": "2021-03 (Q1)",
      "signal": "FCF MARGIN EXPANSION",
      "detail": "FCF margin: +49.1% -> +115.3% (+66.2%)",
      "severity": "MEDIUM"
    }
  ],
  "data_quality": {
    "n_quarters": 20,
    "coverage": {
      "revenue": [
        20,
        20
      ],
      "gross_profit": [
        0,
        20
      ],
      "op_income": [
        0,
        20
      ],
      "fcf": [
        20,
        20
      ]
    },
    "gaps": [],
    "warnings": [
      "gross_profit: no data",
      "op_income: no data"
    ]
  },
  "market_cap": null,
  "source": "SEC EDGAR",
  "last_updated": "2026-02-02T20:42:11.146053"
}