{
  "ticker": "USPH",
  "name": "U S PHYSICAL THERAPY INC /NV",
  "quarters": [
    {
      "date": "2020-12-31T00:00:00",
      "quarter_label": "2020-12 (Q4)",
      "revenue": 117466000,
      "gross_profit": 29118000,
      "operating_income": 18202000,
      "net_income": 13030000,
      "opex": 88348000,
      "cogs": null,
      "rd": null,
      "sga": 10916000,
      "fcf": 25393000,
      "ocf": 25393000,
      "capex": null,
      "gross_margin": 0.24788449423663017,
      "op_margin": 0.1549554764783001,
      "fcf_margin": 0.21617319054024142
    },
    {
      "date": "2021-03-31T00:00:00",
      "quarter_label": "2021-03 (Q1)",
      "revenue": 112368000,
      "gross_profit": 25896000,
      "operating_income": 15022000,
      "net_income": 8173000,
      "opex": 86472000,
      "cogs": null,
      "rd": null,
      "sga": 10874000,
      "fcf": 17674000,
      "ocf": 17674000,
      "capex": null,
      "gross_margin": 0.23045706962836396,
      "op_margin": 0.13368574683183826,
      "fcf_margin": 0.15728677203474298,
      "fcf_margin_change": -0.058886418505498445
    },
    {
      "date": "2021-06-30T00:00:00",
      "quarter_label": "2021-06 (Q2)",
      "revenue": 126928000,
      "gross_profit": 34304000,
      "operating_income": 22230000,
      "net_income": 12436000,
      "opex": 92624000,
      "cogs": null,
      "rd": null,
      "sga": 12074000,
      "fcf": 17882000,
      "ocf": 17882000,
      "capex": null,
      "gross_margin": 0.2702634564477499,
      "op_margin": 0.17513866128828942,
      "fcf_margin": 0.14088302029497038,
      "op_leverage_ratio": 1.8212849587469149,
      "fcf_margin_change": -0.0164037517397726
    },
    {
      "date": "2021-09-30T00:00:00",
      "quarter_label": "2021-09 (Q3)",
      "revenue": 123580000,
      "gross_profit": 29799000,
      "operating_income": 16932000,
      "net_income": 10009000,
      "opex": 96094000,
      "cogs": null,
      "rd": null,
      "sga": 12867000,
      "fcf": 24945000,
      "ocf": 24945000,
      "capex": null,
      "gross_margin": 0.24113125101149052,
      "op_margin": 0.13701246156335978,
      "fcf_margin": 0.20185305065544587,
      "fcf_margin_change": 0.06097003036047549
    },
    {
      "date": "2021-12-31T00:00:00",
      "quarter_label": "2021-12 (Q4)",
      "revenue": 137444000,
      "gross_profit": 27183000,
      "operating_income": 16465000,
      "net_income": 10213000,
      "opex": 102650000,
      "cogs": null,
      "rd": null,
      "sga": 10718000,
      "fcf": 15905000,
      "ocf": 15905000,
      "capex": null,
      "gross_margin": 0.19777509385640699,
      "op_margin": 0.11979424347370565,
      "fcf_margin": 0.11571985681441169,
      "incr_op_margin_yoy": -0.08694564020422464,
      "rev_growth_yoy": 0.17007474503260517,
      "op_leverage_ratio": 1.6443629601769698,
      "fcf_margin_change": -0.08613319384103418
    },
    {
      "date": "2022-03-31T00:00:00",
      "quarter_label": "2022-03 (Q1)",
      "revenue": 131704000,
      "gross_profit": 26588000,
      "operating_income": 15032000,
      "net_income": 8799000,
      "opex": 105116000,
      "cogs": null,
      "rd": null,
      "sga": 11556000,
      "fcf": 11649000,
      "ocf": 11649000,
      "capex": null,
      "gross_margin": 0.20187693615987365,
      "op_margin": 0.11413472635607119,
      "fcf_margin": 0.08844833869890056,
      "incr_op_margin_yoy": 0.000517170045510964,
      "rev_growth_yoy": 0.17207745977502492,
      "rev_growth_yoy_accel": 0.0020027147424197533,
      "fcf_margin_change": -0.027271518115511123
    },
    {
      "date": "2022-06-30T00:00:00",
      "quarter_label": "2022-06 (Q2)",
      "revenue": 140656000,
      "gross_profit": 30821000,
      "operating_income": 20080000,
      "net_income": 11195000,
      "opex": 109835000,
      "cogs": null,
      "rd": null,
      "sga": 10741000,
      "fcf": 15862000,
      "ocf": 15862000,
      "capex": null,
      "gross_margin": 0.2191232510522125,
      "op_margin": 0.14275964054146287,
      "fcf_margin": 0.11277158457513366,
      "incr_op_margin_yoy": -0.1566142191142191,
      "rev_growth_yoy": 0.10815580486575066,
      "rev_growth_yoy_accel": -0.06392165490927426,
      "op_leverage_ratio": 1.5140490924977348,
      "fcf_margin_change": 0.024323245876233093
    },
    {
      "date": "2022-09-30T00:00:00",
      "quarter_label": "2022-09 (Q3)",
      "revenue": 139602000,
      "gross_profit": 26784000,
      "operating_income": 14895000,
      "net_income": 9557000,
      "opex": 112818000,
      "cogs": null,
      "rd": null,
      "sga": 11889000,
      "fcf": 13727000,
      "ocf": 13727000,
      "capex": null,
      "gross_margin": 0.19185971547685562,
      "op_margin": 0.1066961791378347,
      "fcf_margin": 0.09832953682611997,
      "incr_op_margin_yoy": -0.127137685682187,
      "rev_growth_yoy": 0.12964881048713384,
      "rev_growth_yoy_accel": 0.021493005621383177,
      "fcf_margin_change": -0.014442047749013684
    },
    {
      "date": "2022-12-31T00:00:00",
      "quarter_label": "2022-12 (Q4)",
      "revenue": 141182000,
      "gross_profit": 27831000,
      "operating_income": 6794000,
      "net_income": 2607000,
      "opex": 113351000,
      "cogs": null,
      "rd": null,
      "sga": 11925000,
      "fcf": 17299000,
      "ocf": 17299000,
      "capex": null,
      "gross_margin": 0.19712852913260898,
      "op_margin": 0.04812228187729314,
      "fcf_margin": 0.12252978425011687,
      "incr_op_margin_yoy": -2.5872124130551097,
      "rev_growth_yoy": 0.02719653095078723,
      "rev_growth_yoy_accel": -0.10245227953634661,
      "op_leverage_ratio": 2.3956128509316477,
      "fcf_margin_change": 0.0242002474239969
    },
    {
      "date": "2023-03-31T00:00:00",
      "quarter_label": "2023-03 (Q1)",
      "revenue": 148509000,
      "gross_profit": 30857000,
      "operating_income": 16998000,
      "net_income": 7410000,
      "opex": 117652000,
      "cogs": null,
      "rd": null,
      "sga": 13859000,
      "fcf": 11349000,
      "ocf": 11349000,
      "capex": null,
      "gross_margin": 0.2077786531456006,
      "op_margin": 0.11445770963375956,
      "fcf_margin": 0.07641961093267075,
      "incr_op_margin_yoy": 0.11698899137161559,
      "rev_growth_yoy": 0.12759673206584463,
      "rev_growth_yoy_accel": 0.1004002011150574,
      "op_leverage_ratio": 1.3677375649954369,
      "fcf_margin_change": -0.04611017331744613
    },
    {
      "date": "2023-06-30T00:00:00",
      "quarter_label": "2023-06 (Q2)",
      "revenue": 151485000,
      "gross_profit": 32207000,
      "operating_income": 20062000,
      "net_income": 10919000,
      "opex": 119278000,
      "cogs": null,
      "rd": null,
      "sga": 12145000,
      "fcf": 27430000,
      "ocf": 27430000,
      "capex": null,
      "gross_margin": 0.21260850909330956,
      "op_margin": 0.1324355546753804,
      "fcf_margin": 0.1810740337327128,
      "incr_op_margin_yoy": -0.0016622033428756117,
      "rev_growth_yoy": 0.07698925036969628,
      "rev_growth_yoy_accel": -0.05060748169614834,
      "op_leverage_ratio": 1.4499696975637715,
      "fcf_margin_change": 0.10465442280004206
    },
    {
      "date": "2023-09-30T00:00:00",
      "quarter_label": "2023-09 (Q3)",
      "revenue": 150007000,
      "gross_profit": 27929000,
      "operating_income": 15881000,
      "net_income": 9254000,
      "opex": 122078000,
      "cogs": null,
      "rd": null,
      "sga": 12048000,
      "fcf": 16364000,
      "ocf": 16364000,
      "capex": null,
      "gross_margin": 0.1861846447165799,
      "op_margin": 0.10586839280833561,
      "fcf_margin": 0.10908824254868106,
      "incr_op_margin_yoy": 0.09476213358962038,
      "rev_growth_yoy": 0.07453331614160255,
      "rev_growth_yoy_accel": -0.0024559342280937313,
      "fcf_margin_change": -0.07198579118403174
    },
    {
      "date": "2023-12-31T00:00:00",
      "quarter_label": "2023-12 (Q4)",
      "revenue": 154801000,
      "gross_profit": 30516000,
      "operating_income": -880000,
      "net_income": 656000,
      "opex": 124285000,
      "cogs": null,
      "rd": null,
      "sga": 13901000,
      "fcf": 26835000,
      "ocf": 26835000,
      "capex": null,
      "gross_margin": 0.19713050949283273,
      "op_margin": -0.005684717798980627,
      "fcf_margin": 0.17335159333596037,
      "incr_op_margin_yoy": -0.5634774946765548,
      "rev_growth_yoy": 0.09646413848790922,
      "rev_growth_yoy_accel": 0.021930822346306666,
      "op_leverage_ratio": 1.7677529738236137,
      "fcf_margin_change": 0.06426335078727931
    },
    {
      "date": "2024-03-31T00:00:00",
      "quarter_label": "2024-03 (Q1)",
      "revenue": 155675000,
      "gross_profit": 28401000,
      "operating_income": 14316000,
      "net_income": 8046000,
      "opex": 127274000,
      "cogs": null,
      "rd": null,
      "sga": 14085000,
      "fcf": 4419000,
      "ocf": 4419000,
      "capex": null,
      "gross_margin": 0.18243777099726996,
      "op_margin": 0.09196081580215192,
      "fcf_margin": 0.02838606070338847,
      "incr_op_margin_yoy": -0.3742673737091822,
      "rev_growth_yoy": 0.04825296783359931,
      "rev_growth_yoy_accel": -0.04821117065430991,
      "fcf_margin_change": -0.1449655326325719
    },
    {
      "date": "2024-06-30T00:00:00",
      "quarter_label": "2024-06 (Q2)",
      "revenue": 167190000,
      "gross_profit": 33862000,
      "operating_income": 19613000,
      "net_income": 7506000,
      "opex": 133328000,
      "cogs": null,
      "rd": null,
      "sga": 14249000,
      "fcf": 28992000,
      "ocf": 28992000,
      "capex": null,
      "gross_margin": 0.20253603684430888,
      "op_margin": 0.11730964770620253,
      "fcf_margin": 0.17340750044859143,
      "incr_op_margin_yoy": -0.028589621139764407,
      "rev_growth_yoy": 0.10367363105257946,
      "rev_growth_yoy_accel": 0.05542066321898015,
      "op_leverage_ratio": 1.5550427926934982,
      "fcf_margin_change": 0.14502143974520296
    },
    {
      "date": "2024-09-30T00:00:00",
      "quarter_label": "2024-09 (Q3)",
      "revenue": 168033000,
      "gross_profit": 29131000,
      "operating_income": 14746000,
      "net_income": 6628000,
      "opex": 138902000,
      "cogs": null,
      "rd": null,
      "sga": 14385000,
      "fcf": 22120000,
      "ocf": 22120000,
      "capex": null,
      "gross_margin": 0.17336475573250493,
      "op_margin": 0.0877565716258116,
      "fcf_margin": 0.1316408086506817,
      "incr_op_margin_yoy": -0.0629646066792411,
      "rev_growth_yoy": 0.12016772550614305,
      "rev_growth_yoy_accel": 0.01649409445356359,
      "fcf_margin_change": -0.04176669179790973
    },
    {
      "date": "2024-12-31T00:00:00",
      "quarter_label": "2024-12 (Q4)",
      "revenue": 180447000,
      "gross_profit": 32527000,
      "operating_income": 14538000,
      "net_income": 9244000,
      "opex": 147920000,
      "cogs": null,
      "rd": null,
      "sga": 15571000,
      "fcf": 19409000,
      "ocf": 19409000,
      "capex": null,
      "gross_margin": 0.18025791506647382,
      "op_margin": 0.08056659296081398,
      "fcf_margin": 0.10756066878363175,
      "incr_op_margin_yoy": 0.6011853700382126,
      "rev_growth_yoy": 0.16567076440074677,
      "rev_growth_yoy_accel": 0.04550303889460372,
      "op_leverage_ratio": 1.1379296875511957,
      "fcf_margin_change": -0.024080139867049946
    },
    {
      "date": "2025-03-31T00:00:00",
      "quarter_label": "2025-03 (Q1)",
      "revenue": 183788000,
      "gross_profit": 31065000,
      "operating_income": 19642000,
      "net_income": 9899000,
      "opex": 152723000,
      "cogs": null,
      "rd": null,
      "sga": 16245000,
      "fcf": -4675000,
      "ocf": -4675000,
      "capex": null,
      "gross_margin": 0.16902626939734913,
      "op_margin": 0.10687313643981108,
      "fcf_margin": -0.025436916447210918,
      "incr_op_margin_yoy": 0.18944972076975064,
      "rev_growth_yoy": 0.18058776296772122,
      "rev_growth_yoy_accel": 0.014916998566974454,
      "op_leverage_ratio": 0.5702182606210516,
      "fcf_margin_change": -0.13299758523084268
    },
    {
      "date": "2025-06-30T00:00:00",
      "quarter_label": "2025-06 (Q2)",
      "revenue": 197344000,
      "gross_profit": 41624000,
      "operating_income": 24938000,
      "net_income": 12393000,
      "opex": 155720000,
      "cogs": null,
      "rd": null,
      "sga": 17476000,
      "fcf": 34861000,
      "ocf": 34861000,
      "capex": null,
      "gross_margin": 0.21092103129560563,
      "op_margin": 0.1263681692881466,
      "fcf_margin": 0.17665092427436355,
      "incr_op_margin_yoy": 0.17659348676792466,
      "rev_growth_yoy": 0.18035767689455112,
      "rev_growth_yoy_accel": -0.00023008607317009933,
      "op_leverage_ratio": 3.758651949299144,
      "fcf_margin_change": 0.20208784072157446
    },
    {
      "date": "2025-09-30T00:00:00",
      "quarter_label": "2025-09 (Q3)",
      "revenue": 197132000,
      "gross_profit": 36872000,
      "operating_income": 25330000,
      "net_income": 13138000,
      "opex": 160260000,
      "cogs": null,
      "rd": null,
      "sga": 17414000,
      "fcf": 19940000,
      "ocf": 19940000,
      "capex": null,
      "gross_margin": 0.1870421849319238,
      "op_margin": 0.1284925836495343,
      "fcf_margin": 0.10115049814337601,
      "incr_op_margin_yoy": 0.3637238393071927,
      "rev_growth_yoy": 0.1731743169496468,
      "rev_growth_yoy_accel": -0.007183359944904322,
      "fcf_margin_change": -0.07550042613098754
    }
  ],
  "signals": [
    {
      "quarter": "2025-09 (Q3)",
      "signal": "INCREMENTAL MARGIN (YoY)",
      "detail": "YoY Incr OPM: +36.4% vs year-ago OPM: +8.8%",
      "severity": "HIGH"
    },
    {
      "quarter": "2025-06 (Q2)",
      "signal": "FCF TURNED POSITIVE",
      "detail": "FCF margin: -2.5% -> +17.7%",
      "severity": "HIGH"
    },
    {
      "quarter": "2025-06 (Q2)",
      "signal": "OPERATING LEVERAGE",
      "detail": "Rev growth +7.4% vs OpEx growth +2.0% (leverage: 3.8x)",
      "severity": "MEDIUM"
    },
    {
      "quarter": "2025-06 (Q2)",
      "signal": "GROSS MARGIN INFLECTION",
      "detail": "GM: +18.0% -> +16.9% -> +21.1% (reversal +4.2%)",
      "severity": "MEDIUM"
    },
    {
      "quarter": "2024-12 (Q4)",
      "signal": "OP MARGIN TURNED POSITIVE (YoY)",
      "detail": "Op margin: -0.6% (year-ago) -> +8.1%",
      "severity": "HIGH"
    },
    {
      "quarter": "2024-06 (Q2)",
      "signal": "FCF MARGIN EXPANSION",
      "detail": "FCF margin: +2.8% -> +17.3% (+14.5%)",
      "severity": "MEDIUM"
    },
    {
      "quarter": "2024-06 (Q2)",
      "signal": "OPERATING LEVERAGE",
      "detail": "Rev growth +7.4% vs OpEx growth +4.8% (leverage: 1.6x)",
      "severity": "MEDIUM"
    },
    {
      "quarter": "2024-06 (Q2)",
      "signal": "GROSS MARGIN INFLECTION",
      "detail": "GM: +19.7% -> +18.2% -> +20.3% (reversal +2.0%)",
      "severity": "MEDIUM"
    },
    {
      "quarter": "2024-06 (Q2)",
      "signal": "YoY REVENUE GROWTH ACCELERATION",
      "detail": "YoY growth: +10.4% vs prior quarter YoY: +4.8% (accel: +5.5%)",
      "severity": "MEDIUM"
    },
    {
      "quarter": "2024-03 (Q1)",
      "signal": "OP MARGIN TURNED POSITIVE (QoQ)",
      "detail": "Op margin: -0.6% -> +9.2%",
      "severity": "HIGH"
    },
    {
      "quarter": "2023-12 (Q4)",
      "signal": "FCF MARGIN EXPANSION",
      "detail": "FCF margin: +10.9% -> +17.3% (+6.4%)",
      "severity": "MEDIUM"
    },
    {
      "quarter": "2023-12 (Q4)",
      "signal": "OPERATING LEVERAGE",
      "detail": "Rev growth +3.2% vs OpEx growth +1.8% (leverage: 1.8x)",
      "severity": "MEDIUM"
    },
    {
      "quarter": "2023-06 (Q2)",
      "signal": "FCF MARGIN EXPANSION",
      "detail": "FCF margin: +7.6% -> +18.1% (+10.5%)",
      "severity": "MEDIUM"
    },
    {
      "quarter": "2023-06 (Q2)",
      "signal": "YoY REVENUE GROWTH DECELERATION",
      "detail": "YoY growth: +7.7% vs prior quarter YoY: +12.8% (decel: -5.1%)",
      "severity": "WARNING"
    },
    {
      "quarter": "2023-03 (Q1)",
      "signal": "YoY REVENUE GROWTH ACCELERATION",
      "detail": "YoY growth: +12.8% vs prior quarter YoY: +2.7% (accel: +10.0%)",
      "severity": "MEDIUM"
    },
    {
      "quarter": "2022-12 (Q4)",
      "signal": "OPERATING LEVERAGE",
      "detail": "Rev growth +1.1% vs OpEx growth +0.5% (leverage: 2.4x)",
      "severity": "MEDIUM"
    },
    {
      "quarter": "2022-12 (Q4)",
      "signal": "YoY REVENUE GROWTH DECELERATION",
      "detail": "YoY growth: +2.7% vs prior quarter YoY: +13.0% (decel: -10.2%)",
      "severity": "WARNING"
    },
    {
      "quarter": "2022-06 (Q2)",
      "signal": "OPERATING LEVERAGE",
      "detail": "Rev growth +6.8% vs OpEx growth +4.5% (leverage: 1.5x)",
      "severity": "MEDIUM"
    },
    {
      "quarter": "2022-06 (Q2)",
      "signal": "YoY REVENUE GROWTH DECELERATION",
      "detail": "YoY growth: +10.8% vs prior quarter YoY: +17.2% (decel: -6.4%)",
      "severity": "WARNING"
    },
    {
      "quarter": "2021-12 (Q4)",
      "signal": "OPERATING LEVERAGE",
      "detail": "Rev growth +11.2% vs OpEx growth +6.8% (leverage: 1.6x)",
      "severity": "MEDIUM"
    },
    {
      "quarter": "2021-09 (Q3)",
      "signal": "FCF MARGIN EXPANSION",
      "detail": "FCF margin: +14.1% -> +20.2% (+6.1%)",
      "severity": "MEDIUM"
    },
    {
      "quarter": "2021-06 (Q2)",
      "signal": "OPERATING LEVERAGE",
      "detail": "Rev growth +13.0% vs OpEx growth +7.1% (leverage: 1.8x)",
      "severity": "MEDIUM"
    },
    {
      "quarter": "2021-06 (Q2)",
      "signal": "GROSS MARGIN INFLECTION",
      "detail": "GM: +24.8% -> +23.0% -> +27.0% (reversal +4.0%)",
      "severity": "MEDIUM"
    }
  ],
  "data_quality": {
    "n_quarters": 20,
    "coverage": {
      "revenue": [
        20,
        20
      ],
      "gross_profit": [
        20,
        20
      ],
      "op_income": [
        20,
        20
      ],
      "fcf": [
        20,
        20
      ]
    },
    "gaps": [],
    "warnings": []
  },
  "market_cap": null,
  "source": "SEC EDGAR",
  "last_updated": "2026-02-02T21:54:31.489968"
}