{
  "ticker": "UTGN",
  "name": "UTG, INC.",
  "quarters": [
    {
      "date": "2020-12-31T00:00:00",
      "quarter_label": "2020-12 (Q4)",
      "revenue": 17325249,
      "gross_profit": null,
      "operating_income": null,
      "net_income": 7802253,
      "opex": 1620958,
      "cogs": null,
      "rd": null,
      "sga": null,
      "fcf": -4477084,
      "ocf": -4477084,
      "capex": null,
      "gross_margin": null,
      "op_margin": null,
      "fcf_margin": -0.2584138328978706
    },
    {
      "date": "2021-03-31T00:00:00",
      "quarter_label": "2021-03 (Q1)",
      "revenue": 24085916,
      "gross_profit": null,
      "operating_income": null,
      "net_income": 14168966,
      "opex": 2103377,
      "cogs": null,
      "rd": null,
      "sga": null,
      "fcf": -3685644,
      "ocf": -3685644,
      "capex": null,
      "gross_margin": null,
      "op_margin": null,
      "fcf_margin": -0.15302071135679457,
      "op_leverage_ratio": 1.3111652124126318,
      "fcf_margin_change": 0.10539312154107605
    },
    {
      "date": "2021-06-30T00:00:00",
      "quarter_label": "2021-06 (Q2)",
      "revenue": 7848262,
      "gross_profit": null,
      "operating_income": null,
      "net_income": 1798500,
      "opex": 1734156,
      "cogs": null,
      "rd": null,
      "sga": null,
      "fcf": -2605906,
      "ocf": -2605906,
      "capex": null,
      "gross_margin": null,
      "op_margin": null,
      "fcf_margin": -0.33203606097757693,
      "fcf_margin_change": -0.17901534962078236
    },
    {
      "date": "2021-09-30T00:00:00",
      "quarter_label": "2021-09 (Q3)",
      "revenue": -5457999,
      "gross_profit": null,
      "operating_income": null,
      "net_income": -9012272,
      "opex": 1777102,
      "cogs": null,
      "rd": null,
      "sga": null,
      "fcf": -3930632,
      "ocf": -3930632,
      "capex": null,
      "gross_margin": null,
      "op_margin": null,
      "fcf_margin": 0.7201598974276103,
      "fcf_margin_change": 1.0521959584051872
    },
    {
      "date": "2021-12-31T00:00:00",
      "quarter_label": "2021-12 (Q4)",
      "revenue": 9137198,
      "gross_profit": null,
      "operating_income": null,
      "net_income": 2707869,
      "opex": 1500895,
      "cogs": null,
      "rd": null,
      "sga": null,
      "fcf": -2231253,
      "ocf": -2231253,
      "capex": null,
      "gross_margin": null,
      "op_margin": null,
      "fcf_margin": -0.24419444560575354,
      "rev_growth_yoy": -0.4726079838737094,
      "fcf_margin_change": -0.9643543430333639
    },
    {
      "date": "2022-03-31T00:00:00",
      "quarter_label": "2022-03 (Q1)",
      "revenue": 18962381,
      "gross_profit": null,
      "operating_income": null,
      "net_income": 9192323,
      "opex": 2918323,
      "cogs": null,
      "rd": null,
      "sga": null,
      "fcf": -2175722,
      "ocf": -2175722,
      "capex": null,
      "gross_margin": null,
      "op_margin": null,
      "fcf_margin": -0.11473886111664985,
      "rev_growth_yoy": -0.2127191259821715,
      "rev_growth_yoy_accel": 0.2598888578915379,
      "op_leverage_ratio": 1.1386150378721218,
      "fcf_margin_change": 0.1294555844891037
    },
    {
      "date": "2022-06-30T00:00:00",
      "quarter_label": "2022-06 (Q2)",
      "revenue": 5256663,
      "gross_profit": null,
      "operating_income": null,
      "net_income": -765206,
      "opex": 1899338,
      "cogs": null,
      "rd": null,
      "sga": null,
      "fcf": 5942,
      "ocf": 5942,
      "capex": null,
      "gross_margin": null,
      "op_margin": null,
      "fcf_margin": 0.0011303749165582804,
      "rev_growth_yoy": -0.3302131096031198,
      "rev_growth_yoy_accel": -0.11749398362094829,
      "fcf_margin_change": 0.11586923603320813
    },
    {
      "date": "2022-09-30T00:00:00",
      "quarter_label": "2022-09 (Q3)",
      "revenue": 16701585,
      "gross_profit": null,
      "operating_income": null,
      "net_income": 8051856,
      "opex": 2733470,
      "cogs": null,
      "rd": null,
      "sga": null,
      "fcf": 1892514,
      "ocf": 1892514,
      "capex": null,
      "gross_margin": null,
      "op_margin": null,
      "fcf_margin": 0.11331343701810337,
      "op_leverage_ratio": 4.957585082137073,
      "fcf_margin_change": 0.11218306210154509
    },
    {
      "date": "2022-12-31T00:00:00",
      "quarter_label": "2022-12 (Q4)",
      "revenue": 28788206,
      "gross_profit": null,
      "operating_income": null,
      "net_income": 17779032,
      "opex": 2946171,
      "cogs": null,
      "rd": null,
      "sga": null,
      "fcf": -5057053,
      "ocf": -5057053,
      "capex": null,
      "gross_margin": null,
      "op_margin": null,
      "fcf_margin": -0.17566405492582624,
      "rev_growth_yoy": 2.1506601914503767,
      "op_leverage_ratio": 9.300193747125142,
      "fcf_margin_change": -0.28897749194392963
    },
    {
      "date": "2023-03-31T00:00:00",
      "quarter_label": "2023-03 (Q1)",
      "revenue": -3035054,
      "gross_profit": null,
      "operating_income": null,
      "net_income": -6942242,
      "opex": 2271876,
      "cogs": null,
      "rd": null,
      "sga": null,
      "fcf": 1996535,
      "ocf": 1996535,
      "capex": null,
      "gross_margin": null,
      "op_margin": null,
      "fcf_margin": -0.6578251984972919,
      "rev_growth_yoy": -1.1600565878303997,
      "rev_growth_yoy_accel": -3.310716779280776,
      "fcf_margin_change": -0.48216114357146567
    },
    {
      "date": "2023-06-30T00:00:00",
      "quarter_label": "2023-06 (Q2)",
      "revenue": 6373083,
      "gross_profit": null,
      "operating_income": null,
      "net_income": 79660,
      "opex": 2035539,
      "cogs": null,
      "rd": null,
      "sga": null,
      "fcf": -8051656,
      "ocf": -8051656,
      "capex": null,
      "gross_margin": null,
      "op_margin": null,
      "fcf_margin": -1.2633847699771052,
      "rev_growth_yoy": 0.21238188561830956,
      "rev_growth_yoy_accel": 1.3724384734487092,
      "fcf_margin_change": -0.6055595714798133
    },
    {
      "date": "2023-09-30T00:00:00",
      "quarter_label": "2023-09 (Q3)",
      "revenue": 12670671,
      "gross_profit": null,
      "operating_income": null,
      "net_income": 5204677,
      "opex": 3136691,
      "cogs": null,
      "rd": null,
      "sga": null,
      "fcf": -3669366,
      "ocf": -3669366,
      "capex": null,
      "gross_margin": null,
      "op_margin": null,
      "fcf_margin": -0.28959523927343706,
      "rev_growth_yoy": -0.24134918931346935,
      "rev_growth_yoy_accel": -0.4537310749317789,
      "op_leverage_ratio": 1.826656245340349,
      "fcf_margin_change": 0.9737895307036681
    },
    {
      "date": "2023-12-31T00:00:00",
      "quarter_label": "2023-12 (Q4)",
      "revenue": 9411687,
      "gross_profit": null,
      "operating_income": null,
      "net_income": 3614600,
      "opex": 924029,
      "cogs": null,
      "rd": null,
      "sga": null,
      "fcf": -60886,
      "ocf": -60886,
      "capex": null,
      "gross_margin": null,
      "op_margin": null,
      "fcf_margin": -0.006469190911257461,
      "rev_growth_yoy": -0.6730714307102013,
      "rev_growth_yoy_accel": -0.4317222413967319,
      "fcf_margin_change": 0.2831260483621796
    },
    {
      "date": "2024-03-31T00:00:00",
      "quarter_label": "2024-03 (Q1)",
      "revenue": 16645256,
      "gross_profit": null,
      "operating_income": null,
      "net_income": 9149506,
      "opex": 2081722,
      "cogs": null,
      "rd": null,
      "sga": null,
      "fcf": -2016078,
      "ocf": -2016078,
      "capex": null,
      "gross_margin": null,
      "op_margin": null,
      "fcf_margin": -0.12112027595129808,
      "op_leverage_ratio": 0.6134474238544975,
      "fcf_margin_change": -0.11465108504004062
    },
    {
      "date": "2024-06-30T00:00:00",
      "quarter_label": "2024-06 (Q2)",
      "revenue": 13068588,
      "gross_profit": null,
      "operating_income": null,
      "net_income": 6475187,
      "opex": 2126516,
      "cogs": null,
      "rd": null,
      "sga": null,
      "fcf": 574710,
      "ocf": 574710,
      "capex": null,
      "gross_margin": null,
      "op_margin": null,
      "fcf_margin": 0.043976441831359285,
      "rev_growth_yoy": 1.0505912130753672,
      "fcf_margin_change": 0.16509671778265736
    },
    {
      "date": "2024-09-30T00:00:00",
      "quarter_label": "2024-09 (Q3)",
      "revenue": 38965899,
      "gross_profit": null,
      "operating_income": null,
      "net_income": 26317920,
      "opex": 1979928,
      "cogs": null,
      "rd": null,
      "sga": null,
      "fcf": 889178,
      "ocf": 889178,
      "capex": null,
      "gross_margin": null,
      "op_margin": null,
      "fcf_margin": 0.022819388819952543,
      "rev_growth_yoy": 2.075282990143142,
      "rev_growth_yoy_accel": 1.024691777067775,
      "op_leverage_ratio": Infinity,
      "fcf_margin_change": -0.021157053011406742
    },
    {
      "date": "2024-12-31T00:00:00",
      "quarter_label": "2024-12 (Q4)",
      "revenue": 16233878,
      "gross_profit": null,
      "operating_income": null,
      "net_income": 7358902,
      "opex": 3241691,
      "cogs": null,
      "rd": null,
      "sga": null,
      "fcf": -1015901,
      "ocf": -1015901,
      "capex": null,
      "gross_margin": null,
      "op_margin": null,
      "fcf_margin": -0.06257907075561366,
      "rev_growth_yoy": 0.7248637784065705,
      "rev_growth_yoy_accel": -1.3504192117365719,
      "fcf_margin_change": -0.0853984595755662
    },
    {
      "date": "2025-03-31T00:00:00",
      "quarter_label": "2025-03 (Q1)",
      "revenue": 21903172,
      "gross_profit": null,
      "operating_income": null,
      "net_income": 12774687,
      "opex": 2120334,
      "cogs": null,
      "rd": null,
      "sga": null,
      "fcf": -3255211,
      "ocf": -3255211,
      "capex": null,
      "gross_margin": null,
      "op_margin": null,
      "fcf_margin": -0.1486182457956318,
      "rev_growth_yoy": 0.31588075305059893,
      "rev_growth_yoy_accel": -0.40898302535597153,
      "op_leverage_ratio": Infinity,
      "fcf_margin_change": -0.08603917504001814
    },
    {
      "date": "2025-06-30T00:00:00",
      "quarter_label": "2025-06 (Q2)",
      "revenue": 3394431,
      "gross_profit": null,
      "operating_income": null,
      "net_income": -1769306,
      "opex": 1971646,
      "cogs": null,
      "rd": null,
      "sga": null,
      "fcf": -1058771,
      "ocf": -1058771,
      "capex": null,
      "gross_margin": null,
      "op_margin": null,
      "fcf_margin": -0.3119141322949266,
      "rev_growth_yoy": -0.7402603096830354,
      "rev_growth_yoy_accel": -1.0561410627336343,
      "fcf_margin_change": -0.1632958864992948
    },
    {
      "date": "2025-09-30T00:00:00",
      "quarter_label": "2025-09 (Q3)",
      "revenue": 17348939,
      "gross_profit": null,
      "operating_income": null,
      "net_income": 10251791,
      "opex": 1973282,
      "cogs": null,
      "rd": null,
      "sga": null,
      "fcf": -107120,
      "ocf": -107120,
      "capex": null,
      "gross_margin": null,
      "op_margin": null,
      "fcf_margin": -0.006174440984546663,
      "rev_growth_yoy": -0.5547661045880142,
      "rev_growth_yoy_accel": 0.18549420509502113,
      "op_leverage_ratio": Infinity,
      "fcf_margin_change": 0.3057396913103799
    }
  ],
  "signals": [
    {
      "quarter": "2025-09 (Q3)",
      "signal": "FCF MARGIN EXPANSION",
      "detail": "FCF margin: -31.2% -> -0.6% (+30.6%)",
      "severity": "MEDIUM"
    },
    {
      "quarter": "2025-09 (Q3)",
      "signal": "OPERATING LEVERAGE",
      "detail": "Rev growth +411.1% vs OpEx growth +0.1% (leverage: 4954.4x)",
      "severity": "MEDIUM"
    },
    {
      "quarter": "2025-09 (Q3)",
      "signal": "YoY REVENUE GROWTH ACCELERATION",
      "detail": "YoY growth: -55.5% vs prior quarter YoY: -74.0% (accel: +18.5%)",
      "severity": "HIGH"
    },
    {
      "quarter": "2025-06 (Q2)",
      "signal": "YoY REVENUE GROWTH DECELERATION",
      "detail": "YoY growth: -74.0% vs prior quarter YoY: +31.6% (decel: -105.6%)",
      "severity": "WARNING"
    },
    {
      "quarter": "2025-03 (Q1)",
      "signal": "YoY REVENUE GROWTH DECELERATION",
      "detail": "YoY growth: +31.6% vs prior quarter YoY: +72.5% (decel: -40.9%)",
      "severity": "WARNING"
    },
    {
      "quarter": "2024-12 (Q4)",
      "signal": "YoY REVENUE GROWTH DECELERATION",
      "detail": "YoY growth: +72.5% vs prior quarter YoY: +207.5% (decel: -135.0%)",
      "severity": "WARNING"
    },
    {
      "quarter": "2024-09 (Q3)",
      "signal": "YoY REVENUE GROWTH ACCELERATION",
      "detail": "YoY growth: +207.5% vs prior quarter YoY: +105.1% (accel: +102.5%)",
      "severity": "HIGH"
    },
    {
      "quarter": "2024-06 (Q2)",
      "signal": "FCF TURNED POSITIVE",
      "detail": "FCF margin: -12.1% -> +4.4%",
      "severity": "HIGH"
    },
    {
      "quarter": "2023-12 (Q4)",
      "signal": "FCF MARGIN EXPANSION",
      "detail": "FCF margin: -29.0% -> -0.6% (+28.3%)",
      "severity": "MEDIUM"
    },
    {
      "quarter": "2023-12 (Q4)",
      "signal": "YoY REVENUE GROWTH DECELERATION",
      "detail": "YoY growth: -67.3% vs prior quarter YoY: -24.1% (decel: -43.2%)",
      "severity": "WARNING"
    },
    {
      "quarter": "2023-09 (Q3)",
      "signal": "FCF MARGIN EXPANSION",
      "detail": "FCF margin: -126.3% -> -29.0% (+97.4%)",
      "severity": "MEDIUM"
    },
    {
      "quarter": "2023-09 (Q3)",
      "signal": "OPERATING LEVERAGE",
      "detail": "Rev growth +98.8% vs OpEx growth +54.1% (leverage: 1.8x)",
      "severity": "MEDIUM"
    },
    {
      "quarter": "2023-09 (Q3)",
      "signal": "YoY REVENUE GROWTH DECELERATION",
      "detail": "YoY growth: -24.1% vs prior quarter YoY: +21.2% (decel: -45.4%)",
      "severity": "WARNING"
    },
    {
      "quarter": "2023-06 (Q2)",
      "signal": "YoY REVENUE GROWTH ACCELERATION",
      "detail": "YoY growth: +21.2% vs prior quarter YoY: -116.0% (accel: +137.2%)",
      "severity": "HIGH"
    },
    {
      "quarter": "2023-03 (Q1)",
      "signal": "YoY REVENUE GROWTH DECELERATION",
      "detail": "YoY growth: -116.0% vs prior quarter YoY: +215.1% (decel: -331.1%)",
      "severity": "WARNING"
    },
    {
      "quarter": "2022-12 (Q4)",
      "signal": "OPERATING LEVERAGE",
      "detail": "Rev growth +72.4% vs OpEx growth +7.8% (leverage: 9.3x)",
      "severity": "MEDIUM"
    },
    {
      "quarter": "2022-09 (Q3)",
      "signal": "FCF MARGIN EXPANSION",
      "detail": "FCF margin: +0.1% -> +11.3% (+11.2%)",
      "severity": "MEDIUM"
    },
    {
      "quarter": "2022-09 (Q3)",
      "signal": "OPERATING LEVERAGE",
      "detail": "Rev growth +217.7% vs OpEx growth +43.9% (leverage: 5.0x)",
      "severity": "MEDIUM"
    },
    {
      "quarter": "2022-06 (Q2)",
      "signal": "FCF TURNED POSITIVE",
      "detail": "FCF margin: -11.5% -> +0.1%",
      "severity": "HIGH"
    },
    {
      "quarter": "2022-06 (Q2)",
      "signal": "YoY REVENUE GROWTH DECELERATION",
      "detail": "YoY growth: -33.0% vs prior quarter YoY: -21.3% (decel: -11.7%)",
      "severity": "WARNING"
    },
    {
      "quarter": "2022-03 (Q1)",
      "signal": "FCF MARGIN EXPANSION",
      "detail": "FCF margin: -24.4% -> -11.5% (+12.9%)",
      "severity": "MEDIUM"
    },
    {
      "quarter": "2022-03 (Q1)",
      "signal": "YoY REVENUE GROWTH ACCELERATION",
      "detail": "YoY growth: -21.3% vs prior quarter YoY: -47.3% (accel: +26.0%)",
      "severity": "HIGH"
    },
    {
      "quarter": "2021-09 (Q3)",
      "signal": "FCF TURNED POSITIVE",
      "detail": "FCF margin: -33.2% -> +72.0%",
      "severity": "HIGH"
    },
    {
      "quarter": "2021-03 (Q1)",
      "signal": "FCF MARGIN EXPANSION",
      "detail": "FCF margin: -25.8% -> -15.3% (+10.5%)",
      "severity": "MEDIUM"
    }
  ],
  "data_quality": {
    "n_quarters": 20,
    "coverage": {
      "revenue": [
        20,
        20
      ],
      "gross_profit": [
        0,
        20
      ],
      "op_income": [
        0,
        20
      ],
      "fcf": [
        20,
        20
      ]
    },
    "gaps": [],
    "warnings": [
      "gross_profit: no data",
      "op_income: no data"
    ]
  },
  "market_cap": null,
  "source": "SEC EDGAR",
  "last_updated": "2026-02-02T23:05:28.892128"
}