{
  "ticker": "UTI",
  "name": "UNIVERSAL TECHNICAL INSTITUTE, INC.",
  "quarters": [
    {
      "date": "2020-12-31T00:00:00",
      "quarter_label": "2020-12 (Q4)",
      "revenue": 76125000,
      "gross_profit": null,
      "operating_income": 775000,
      "net_income": 1083000,
      "opex": 75350000,
      "cogs": null,
      "rd": null,
      "sga": 36019000,
      "fcf": -39510000,
      "ocf": 7783000,
      "capex": -47293000,
      "gross_margin": null,
      "op_margin": 0.010180623973727421,
      "fcf_margin": -0.5190147783251231
    },
    {
      "date": "2021-03-31T00:00:00",
      "quarter_label": "2021-03 (Q1)",
      "revenue": 77709000,
      "gross_profit": null,
      "operating_income": -1661000,
      "net_income": -1547000,
      "opex": 79370000,
      "cogs": null,
      "rd": null,
      "sga": 38890000,
      "fcf": 7118000,
      "ocf": 9744000,
      "capex": -2626000,
      "gross_margin": null,
      "op_margin": -0.021374615552896062,
      "fcf_margin": 0.09159814178537878,
      "op_leverage_ratio": 0.39001838100139696,
      "fcf_margin_change": 0.6106129201105019
    },
    {
      "date": "2021-06-30T00:00:00",
      "quarter_label": "2021-06 (Q2)",
      "revenue": 83768000,
      "gross_profit": null,
      "operating_income": 3052000,
      "net_income": 3000000,
      "opex": 80716000,
      "cogs": null,
      "rd": null,
      "sga": 38478000,
      "fcf": -7070000,
      "ocf": -2744000,
      "capex": -4326000,
      "gross_margin": null,
      "op_margin": 0.03643396046222901,
      "fcf_margin": -0.08439977079553052,
      "op_leverage_ratio": 4.597703414290488,
      "fcf_margin_change": -0.1759979125809093
    },
    {
      "date": "2021-09-30T00:00:00",
      "quarter_label": "2021-09 (Q3)",
      "revenue": 97481000,
      "gross_profit": null,
      "operating_income": 12781000,
      "net_income": 12045000,
      "opex": 84700000,
      "cogs": null,
      "rd": null,
      "sga": 39931000,
      "fcf": 33341000,
      "ocf": 40402000,
      "capex": -7061000,
      "gross_margin": null,
      "op_margin": 0.1311127296601389,
      "fcf_margin": 0.34202562550650895,
      "op_leverage_ratio": 3.3166117219330955,
      "fcf_margin_change": 0.42642539630203946
    },
    {
      "date": "2021-12-31T00:00:00",
      "quarter_label": "2021-12 (Q4)",
      "revenue": 105075000,
      "gross_profit": null,
      "operating_income": 13578000,
      "net_income": 14822000,
      "opex": 91497000,
      "cogs": null,
      "rd": null,
      "sga": 43596000,
      "fcf": -8336000,
      "ocf": 2456000,
      "capex": -10792000,
      "gross_margin": null,
      "op_margin": 0.12922198429693077,
      "fcf_margin": -0.07933380918391625,
      "incr_op_margin_yoy": 0.4422452504317789,
      "rev_growth_yoy": 0.38029556650246304,
      "op_leverage_ratio": 0.9707709181934538,
      "fcf_margin_change": -0.4213594346904252
    },
    {
      "date": "2022-03-31T00:00:00",
      "quarter_label": "2022-03 (Q1)",
      "revenue": 102086000,
      "gross_profit": null,
      "operating_income": 3377000,
      "net_income": 7354000,
      "opex": 98709000,
      "cogs": null,
      "rd": null,
      "sga": 49500000,
      "fcf": -34413000,
      "ocf": 7944000,
      "capex": -42357000,
      "gross_margin": null,
      "op_margin": 0.03307995219716709,
      "fcf_margin": -0.3370981329467312,
      "incr_op_margin_yoy": 0.20667022193050827,
      "rev_growth_yoy": 0.31369596829196106,
      "rev_growth_yoy_accel": -0.06659959821050199,
      "fcf_margin_change": -0.25776432376281494
    },
    {
      "date": "2022-06-30T00:00:00",
      "quarter_label": "2022-06 (Q2)",
      "revenue": 100966000,
      "gross_profit": null,
      "operating_income": 1954000,
      "net_income": 843000,
      "opex": 99012000,
      "cogs": null,
      "rd": null,
      "sga": 45796000,
      "fcf": -18953000,
      "ocf": -2494000,
      "capex": -16459000,
      "gross_margin": null,
      "op_margin": 0.019353049541429787,
      "fcf_margin": -0.18771665709248658,
      "incr_op_margin_yoy": -0.06384463309687173,
      "rev_growth_yoy": 0.2053051284500048,
      "rev_growth_yoy_accel": -0.10839083984195627,
      "fcf_margin_change": 0.1493814758542446
    },
    {
      "date": "2022-09-30T00:00:00",
      "quarter_label": "2022-09 (Q3)",
      "revenue": 110638000,
      "gross_profit": null,
      "operating_income": 3465000,
      "net_income": 2829000,
      "opex": 107173000,
      "cogs": null,
      "rd": null,
      "sga": 50266000,
      "fcf": 28283000,
      "ocf": 38125000,
      "capex": -9842000,
      "gross_margin": null,
      "op_margin": 0.031318353549413404,
      "fcf_margin": 0.25563549594171986,
      "incr_op_margin_yoy": -0.7080641483620886,
      "rev_growth_yoy": 0.13496989156861336,
      "rev_growth_yoy_accel": -0.07033523688139143,
      "op_leverage_ratio": 1.162212633848216,
      "fcf_margin_change": 0.44335215303420644
    },
    {
      "date": "2022-12-31T00:00:00",
      "quarter_label": "2022-12 (Q4)",
      "revenue": 120004000,
      "gross_profit": null,
      "operating_income": 4448000,
      "net_income": 2648000,
      "opex": 115556000,
      "cogs": null,
      "rd": null,
      "sga": 54148000,
      "fcf": -3970000,
      "ocf": 2812000,
      "capex": -6782000,
      "gross_margin": null,
      "op_margin": 0.03706543115229492,
      "fcf_margin": -0.03308223059231359,
      "incr_op_margin_yoy": -0.6115613905820886,
      "rev_growth_yoy": 0.14207946704734714,
      "rev_growth_yoy_accel": 0.007109575478733782,
      "op_leverage_ratio": 1.0822703448235946,
      "fcf_margin_change": -0.28871772653403344
    },
    {
      "date": "2023-03-31T00:00:00",
      "quarter_label": "2023-03 (Q1)",
      "revenue": 163820000,
      "gross_profit": null,
      "operating_income": 5949000,
      "net_income": 3480000,
      "opex": 157871000,
      "cogs": null,
      "rd": null,
      "sga": 70941000,
      "fcf": -38986000,
      "ocf": -7127000,
      "capex": -31859000,
      "gross_margin": null,
      "op_margin": 0.03631424734464656,
      "fcf_margin": -0.2379807105359541,
      "incr_op_margin_yoy": 0.04166261703437328,
      "rev_growth_yoy": 0.6047254275806673,
      "rev_growth_yoy_accel": 0.46264596053332013,
      "op_leverage_ratio": 0.9970918366685819,
      "fcf_margin_change": -0.20489847994364052
    },
    {
      "date": "2023-06-30T00:00:00",
      "quarter_label": "2023-06 (Q2)",
      "revenue": 153286000,
      "gross_profit": null,
      "operating_income": 663000,
      "net_income": -509000,
      "opex": 152623000,
      "cogs": null,
      "rd": null,
      "sga": 64246000,
      "fcf": -10624000,
      "ocf": -418000,
      "capex": -10206000,
      "gross_margin": null,
      "op_margin": 0.004325248228801064,
      "fcf_margin": -0.0693083517085709,
      "incr_op_margin_yoy": -0.02467507645259939,
      "rev_growth_yoy": 0.5181942436067587,
      "rev_growth_yoy_accel": -0.08653118397390858,
      "fcf_margin_change": 0.16867235882738318
    },
    {
      "date": "2023-09-30T00:00:00",
      "quarter_label": "2023-09 (Q3)",
      "revenue": 170298000,
      "gross_profit": null,
      "operating_income": 10339000,
      "net_income": 6703000,
      "opex": 159959000,
      "cogs": null,
      "rd": null,
      "sga": 66804000,
      "fcf": 46043000,
      "ocf": 53881000,
      "capex": -7838000,
      "gross_margin": null,
      "op_margin": 0.06071122385465478,
      "fcf_margin": 0.2703672386052684,
      "incr_op_margin_yoy": 0.11521957760643647,
      "rev_growth_yoy": 0.5392360671740271,
      "rev_growth_yoy_accel": 0.02104182356726836,
      "op_leverage_ratio": 2.308944776053931,
      "fcf_margin_change": 0.3396755903138393
    },
    {
      "date": "2023-12-31T00:00:00",
      "quarter_label": "2023-12 (Q4)",
      "revenue": 174695000,
      "gross_profit": null,
      "operating_income": 14231000,
      "net_income": 10389000,
      "opex": 160464000,
      "cogs": null,
      "rd": null,
      "sga": 68055000,
      "fcf": 6988000,
      "ocf": 10836000,
      "capex": -3848000,
      "gross_margin": null,
      "op_margin": 0.08146197658776726,
      "fcf_margin": 0.04000114485245714,
      "incr_op_margin_yoy": 0.17887769468468304,
      "rev_growth_yoy": 0.45574314189527015,
      "rev_growth_yoy_accel": -0.0834929252787569,
      "op_leverage_ratio": 8.178322274675413,
      "fcf_margin_change": -0.23036609375281125
    },
    {
      "date": "2024-03-31T00:00:00",
      "quarter_label": "2024-03 (Q1)",
      "revenue": 184176000,
      "gross_profit": null,
      "operating_income": 11192000,
      "net_income": 7787000,
      "opex": 172984000,
      "cogs": null,
      "rd": null,
      "sga": 75496000,
      "fcf": -8402000,
      "ocf": -2491000,
      "capex": -5911000,
      "gross_margin": null,
      "op_margin": 0.06076796108070541,
      "fcf_margin": -0.04561940752323864,
      "incr_op_margin_yoy": 0.2575653370013755,
      "rev_growth_yoy": 0.12425833231595654,
      "rev_growth_yoy_accel": -0.3314848095793136,
      "op_leverage_ratio": 0.6955797923299822,
      "fcf_margin_change": -0.08562055237569578
    },
    {
      "date": "2024-06-30T00:00:00",
      "quarter_label": "2024-06 (Q2)",
      "revenue": 177458000,
      "gross_profit": null,
      "operating_income": 7446000,
      "net_income": 4985000,
      "opex": 170012000,
      "cogs": null,
      "rd": null,
      "sga": 74735000,
      "fcf": 3006000,
      "ocf": 10016000,
      "capex": -7010000,
      "gross_margin": null,
      "op_margin": 0.04195922415444781,
      "fcf_margin": 0.016939219420933405,
      "incr_op_margin_yoy": 0.28061393347674995,
      "rev_growth_yoy": 0.1576921571441619,
      "rev_growth_yoy_accel": 0.033433824828205366,
      "fcf_margin_change": 0.06255862694417205
    },
    {
      "date": "2024-09-30T00:00:00",
      "quarter_label": "2024-09 (Q3)",
      "revenue": 196358000,
      "gross_profit": null,
      "operating_income": 26022000,
      "net_income": 18840000,
      "opex": 170336000,
      "cogs": null,
      "rd": null,
      "sga": 70981000,
      "fcf": 60005000,
      "ocf": 67534000,
      "capex": -7529000,
      "gross_margin": null,
      "op_margin": 0.132523248352499,
      "fcf_margin": 0.3055897900773078,
      "incr_op_margin_yoy": 0.6018035303146585,
      "rev_growth_yoy": 0.15302587229444856,
      "rev_growth_yoy_accel": -0.004666284849713348,
      "op_leverage_ratio": 55.88571192432388,
      "fcf_margin_change": 0.2886505706563744
    },
    {
      "date": "2024-12-31T00:00:00",
      "quarter_label": "2024-12 (Q4)",
      "revenue": 201429000,
      "gross_profit": null,
      "operating_income": 27478000,
      "net_income": 22153000,
      "opex": 173951000,
      "cogs": null,
      "rd": null,
      "sga": 73810000,
      "fcf": 19617000,
      "ocf": 22962000,
      "capex": -3345000,
      "gross_margin": null,
      "op_margin": 0.1364153125915335,
      "fcf_margin": 0.09738915449116066,
      "incr_op_margin_yoy": 0.49551133388194807,
      "rev_growth_yoy": 0.15303242794584848,
      "rev_growth_yoy_accel": 6.555651399925422e-06,
      "op_leverage_ratio": 1.2168671113705332,
      "fcf_margin_change": -0.20820063558614715
    },
    {
      "date": "2025-03-31T00:00:00",
      "quarter_label": "2025-03 (Q1)",
      "revenue": 207447000,
      "gross_profit": null,
      "operating_income": 16853000,
      "net_income": 11446000,
      "opex": 190594000,
      "cogs": null,
      "rd": null,
      "sga": 88106000,
      "fcf": -11736000,
      "ocf": -789000,
      "capex": -10947000,
      "gross_margin": null,
      "op_margin": 0.08124002757330788,
      "fcf_margin": -0.056573486239858854,
      "incr_op_margin_yoy": 0.2432641485110223,
      "rev_growth_yoy": 0.12635196768308574,
      "rev_growth_yoy_accel": -0.026680460262762745,
      "op_leverage_ratio": 0.31226657746945574,
      "fcf_margin_change": -0.1539626407310195
    },
    {
      "date": "2025-06-30T00:00:00",
      "quarter_label": "2025-06 (Q2)",
      "revenue": 204298000,
      "gross_profit": null,
      "operating_income": 14152000,
      "net_income": 10663000,
      "opex": 190146000,
      "cogs": null,
      "rd": null,
      "sga": 84542000,
      "fcf": 6846000,
      "ocf": 18053000,
      "capex": -11207000,
      "gross_margin": null,
      "op_margin": 0.06927135850571224,
      "fcf_margin": 0.03350987283282264,
      "incr_op_margin_yoy": 0.2498509687034277,
      "rev_growth_yoy": 0.15124705564133484,
      "rev_growth_yoy_accel": 0.0248950879582491,
      "fcf_margin_change": 0.0900833590726815
    },
    {
      "date": "2025-09-30T00:00:00",
      "quarter_label": "2025-09 (Q3)",
      "revenue": 222442000,
      "gross_profit": null,
      "operating_income": 24986000,
      "net_income": 18756000,
      "opex": 197456000,
      "cogs": null,
      "rd": null,
      "sga": 85198000,
      "fcf": 40625000,
      "ocf": 57104000,
      "capex": -16479000,
      "gross_margin": null,
      "op_margin": 0.1123259096753311,
      "fcf_margin": 0.18263187707357423,
      "incr_op_margin_yoy": -0.039717834687931296,
      "rev_growth_yoy": 0.13283899815642855,
      "rev_growth_yoy_accel": -0.018408057484906287,
      "op_leverage_ratio": 2.310142335331376,
      "fcf_margin_change": 0.1491220042407516
    }
  ],
  "signals": [
    {
      "quarter": "2025-09 (Q3)",
      "signal": "FCF MARGIN EXPANSION",
      "detail": "FCF margin: +3.4% -> +18.3% (+14.9%)",
      "severity": "MEDIUM"
    },
    {
      "quarter": "2025-09 (Q3)",
      "signal": "OPERATING LEVERAGE",
      "detail": "Rev growth +8.9% vs OpEx growth +3.8% (leverage: 2.3x)",
      "severity": "MEDIUM"
    },
    {
      "quarter": "2025-06 (Q2)",
      "signal": "FCF TURNED POSITIVE",
      "detail": "FCF margin: -5.7% -> +3.4%",
      "severity": "HIGH"
    },
    {
      "quarter": "2025-06 (Q2)",
      "signal": "INCREMENTAL MARGIN (YoY)",
      "detail": "YoY Incr OPM: +25.0% vs year-ago OPM: +4.2%",
      "severity": "HIGH"
    },
    {
      "quarter": "2025-03 (Q1)",
      "signal": "INCREMENTAL MARGIN (YoY)",
      "detail": "YoY Incr OPM: +24.3% vs year-ago OPM: +6.1%",
      "severity": "MEDIUM"
    },
    {
      "quarter": "2024-12 (Q4)",
      "signal": "INCREMENTAL MARGIN (YoY)",
      "detail": "YoY Incr OPM: +49.6% vs year-ago OPM: +8.1%",
      "severity": "HIGH"
    },
    {
      "quarter": "2024-09 (Q3)",
      "signal": "FCF MARGIN EXPANSION",
      "detail": "FCF margin: +1.7% -> +30.6% (+28.9%)",
      "severity": "MEDIUM"
    },
    {
      "quarter": "2024-09 (Q3)",
      "signal": "OPERATING LEVERAGE",
      "detail": "Rev growth +10.7% vs OpEx growth +0.2% (leverage: 55.9x)",
      "severity": "MEDIUM"
    },
    {
      "quarter": "2024-09 (Q3)",
      "signal": "INCREMENTAL MARGIN (YoY)",
      "detail": "YoY Incr OPM: +60.2% vs year-ago OPM: +6.1%",
      "severity": "HIGH"
    },
    {
      "quarter": "2024-06 (Q2)",
      "signal": "FCF TURNED POSITIVE",
      "detail": "FCF margin: -4.6% -> +1.7%",
      "severity": "HIGH"
    },
    {
      "quarter": "2024-06 (Q2)",
      "signal": "INCREMENTAL MARGIN (YoY)",
      "detail": "YoY Incr OPM: +28.1% vs year-ago OPM: +0.4%",
      "severity": "HIGH"
    },
    {
      "quarter": "2024-03 (Q1)",
      "signal": "YoY REVENUE GROWTH DECELERATION",
      "detail": "YoY growth: +12.4% vs prior quarter YoY: +45.6% (decel: -33.1%)",
      "severity": "WARNING"
    },
    {
      "quarter": "2024-03 (Q1)",
      "signal": "INCREMENTAL MARGIN (YoY)",
      "detail": "YoY Incr OPM: +25.8% vs year-ago OPM: +3.6%",
      "severity": "HIGH"
    },
    {
      "quarter": "2023-12 (Q4)",
      "signal": "OPERATING LEVERAGE",
      "detail": "Rev growth +2.6% vs OpEx growth +0.3% (leverage: 8.2x)",
      "severity": "MEDIUM"
    },
    {
      "quarter": "2023-12 (Q4)",
      "signal": "YoY REVENUE GROWTH DECELERATION",
      "detail": "YoY growth: +45.6% vs prior quarter YoY: +53.9% (decel: -8.3%)",
      "severity": "WARNING"
    },
    {
      "quarter": "2023-12 (Q4)",
      "signal": "INCREMENTAL MARGIN (YoY)",
      "detail": "YoY Incr OPM: +17.9% vs year-ago OPM: +3.7%",
      "severity": "MEDIUM"
    },
    {
      "quarter": "2023-09 (Q3)",
      "signal": "FCF TURNED POSITIVE",
      "detail": "FCF margin: -6.9% -> +27.0%",
      "severity": "HIGH"
    },
    {
      "quarter": "2023-09 (Q3)",
      "signal": "OPERATING LEVERAGE",
      "detail": "Rev growth +11.1% vs OpEx growth +4.8% (leverage: 2.3x)",
      "severity": "MEDIUM"
    },
    {
      "quarter": "2023-06 (Q2)",
      "signal": "FCF MARGIN EXPANSION",
      "detail": "FCF margin: -23.8% -> -6.9% (+16.9%)",
      "severity": "MEDIUM"
    },
    {
      "quarter": "2023-06 (Q2)",
      "signal": "YoY REVENUE GROWTH DECELERATION",
      "detail": "YoY growth: +51.8% vs prior quarter YoY: +60.5% (decel: -8.7%)",
      "severity": "WARNING"
    },
    {
      "quarter": "2023-03 (Q1)",
      "signal": "YoY REVENUE GROWTH ACCELERATION",
      "detail": "YoY growth: +60.5% vs prior quarter YoY: +14.2% (accel: +46.3%)",
      "severity": "HIGH"
    },
    {
      "quarter": "2022-09 (Q3)",
      "signal": "FCF TURNED POSITIVE",
      "detail": "FCF margin: -18.8% -> +25.6%",
      "severity": "HIGH"
    },
    {
      "quarter": "2022-09 (Q3)",
      "signal": "YoY REVENUE GROWTH DECELERATION",
      "detail": "YoY growth: +13.5% vs prior quarter YoY: +20.5% (decel: -7.0%)",
      "severity": "WARNING"
    },
    {
      "quarter": "2022-06 (Q2)",
      "signal": "FCF MARGIN EXPANSION",
      "detail": "FCF margin: -33.7% -> -18.8% (+14.9%)",
      "severity": "MEDIUM"
    },
    {
      "quarter": "2022-06 (Q2)",
      "signal": "YoY REVENUE GROWTH DECELERATION",
      "detail": "YoY growth: +20.5% vs prior quarter YoY: +31.4% (decel: -10.8%)",
      "severity": "WARNING"
    },
    {
      "quarter": "2022-03 (Q1)",
      "signal": "YoY REVENUE GROWTH DECELERATION",
      "detail": "YoY growth: +31.4% vs prior quarter YoY: +38.0% (decel: -6.7%)",
      "severity": "WARNING"
    },
    {
      "quarter": "2022-03 (Q1)",
      "signal": "OP MARGIN TURNED POSITIVE (YoY)",
      "detail": "Op margin: -2.1% (year-ago) -> +3.3%",
      "severity": "HIGH"
    },
    {
      "quarter": "2021-12 (Q4)",
      "signal": "INCREMENTAL MARGIN (YoY)",
      "detail": "YoY Incr OPM: +44.2% vs year-ago OPM: +1.0%",
      "severity": "HIGH"
    },
    {
      "quarter": "2021-09 (Q3)",
      "signal": "FCF TURNED POSITIVE",
      "detail": "FCF margin: -8.4% -> +34.2%",
      "severity": "HIGH"
    },
    {
      "quarter": "2021-09 (Q3)",
      "signal": "OPERATING LEVERAGE",
      "detail": "Rev growth +16.4% vs OpEx growth +4.9% (leverage: 3.3x)",
      "severity": "MEDIUM"
    },
    {
      "quarter": "2021-06 (Q2)",
      "signal": "OPERATING LEVERAGE",
      "detail": "Rev growth +7.8% vs OpEx growth +1.7% (leverage: 4.6x)",
      "severity": "MEDIUM"
    },
    {
      "quarter": "2021-06 (Q2)",
      "signal": "OP MARGIN TURNED POSITIVE (QoQ)",
      "detail": "Op margin: -2.1% -> +3.6%",
      "severity": "HIGH"
    },
    {
      "quarter": "2021-03 (Q1)",
      "signal": "FCF TURNED POSITIVE",
      "detail": "FCF margin: -51.9% -> +9.2%",
      "severity": "HIGH"
    }
  ],
  "data_quality": {
    "n_quarters": 20,
    "coverage": {
      "revenue": [
        20,
        20
      ],
      "gross_profit": [
        0,
        20
      ],
      "op_income": [
        20,
        20
      ],
      "fcf": [
        20,
        20
      ]
    },
    "gaps": [],
    "warnings": [
      "gross_profit: no data"
    ]
  },
  "market_cap": null,
  "source": "SEC EDGAR",
  "last_updated": "2026-02-02T21:47:42.139875"
}