{
  "ticker": "UTL",
  "name": "UNITIL CORP",
  "quarters": [
    {
      "date": "2020-12-31T00:00:00",
      "quarter_label": "2020-12 (Q4)",
      "revenue": 116900000,
      "gross_profit": null,
      "operating_income": 25300000,
      "net_income": 13600000,
      "opex": null,
      "cogs": null,
      "rd": null,
      "sga": null,
      "fcf": -28200000,
      "ocf": 800000,
      "capex": -29000000,
      "gross_margin": null,
      "op_margin": 0.21642429426860565,
      "fcf_margin": -0.24123182207014543
    },
    {
      "date": "2021-03-31T00:00:00",
      "quarter_label": "2021-03 (Q1)",
      "revenue": 138800000,
      "gross_profit": null,
      "operating_income": 33400000,
      "net_income": 18900000,
      "opex": null,
      "cogs": null,
      "rd": null,
      "sga": null,
      "fcf": 33600000,
      "ocf": 47700000,
      "capex": -14100000,
      "gross_margin": null,
      "op_margin": 0.24063400576368876,
      "fcf_margin": 0.2420749279538905,
      "fcf_margin_change": 0.4833067500240359
    },
    {
      "date": "2021-06-30T00:00:00",
      "quarter_label": "2021-06 (Q2)",
      "revenue": 96600000,
      "gross_profit": null,
      "operating_income": 10800000,
      "net_income": 2700000,
      "opex": null,
      "cogs": null,
      "rd": null,
      "sga": null,
      "fcf": 8300000,
      "ocf": 36700000,
      "capex": -28400000,
      "gross_margin": null,
      "op_margin": 0.11180124223602485,
      "fcf_margin": 0.08592132505175984,
      "fcf_margin_change": -0.15615360290213065
    },
    {
      "date": "2021-09-30T00:00:00",
      "quarter_label": "2021-09 (Q3)",
      "revenue": 98100000,
      "gross_profit": null,
      "operating_income": 7200000,
      "net_income": 0,
      "opex": null,
      "cogs": null,
      "rd": null,
      "sga": null,
      "fcf": -27500000,
      "ocf": 11500000,
      "capex": -39000000,
      "gross_margin": null,
      "op_margin": 0.07339449541284404,
      "fcf_margin": -0.2803261977573904,
      "fcf_margin_change": -0.3662475228091503
    },
    {
      "date": "2021-12-31T00:00:00",
      "quarter_label": "2021-12 (Q4)",
      "revenue": 139800000,
      "gross_profit": null,
      "operating_income": 26400000,
      "net_income": 14500000,
      "opex": null,
      "cogs": null,
      "rd": null,
      "sga": null,
      "fcf": -21600000,
      "ocf": 11900000,
      "capex": -33500000,
      "gross_margin": null,
      "op_margin": 0.1888412017167382,
      "fcf_margin": -0.15450643776824036,
      "incr_op_margin_yoy": 0.048034934497816595,
      "rev_growth_yoy": 0.1958939264328486,
      "fcf_margin_change": 0.12581975998915007
    },
    {
      "date": "2022-03-31T00:00:00",
      "quarter_label": "2022-03 (Q1)",
      "revenue": 192600000,
      "gross_profit": null,
      "operating_income": 35800000,
      "net_income": 21500000,
      "opex": null,
      "cogs": null,
      "rd": null,
      "sga": null,
      "fcf": 13700000,
      "ocf": 29100000,
      "capex": -15400000,
      "gross_margin": null,
      "op_margin": 0.18587746625129803,
      "fcf_margin": 0.0711318795430945,
      "incr_op_margin_yoy": 0.04460966542750929,
      "rev_growth_yoy": 0.38760806916426516,
      "rev_growth_yoy_accel": 0.19171414273141657,
      "fcf_margin_change": 0.22563831731133485
    },
    {
      "date": "2022-06-30T00:00:00",
      "quarter_label": "2022-06 (Q2)",
      "revenue": 98900000,
      "gross_profit": null,
      "operating_income": 11900000,
      "net_income": 4900000,
      "opex": null,
      "cogs": null,
      "rd": null,
      "sga": null,
      "fcf": 12000000,
      "ocf": 41900000,
      "capex": -29900000,
      "gross_margin": null,
      "op_margin": 0.12032355915065723,
      "fcf_margin": 0.12133468149646107,
      "incr_op_margin_yoy": 0.4782608695652174,
      "rev_growth_yoy": 0.023809523809523808,
      "rev_growth_yoy_accel": -0.3637985453547413,
      "fcf_margin_change": 0.05020280195336657
    },
    {
      "date": "2022-09-30T00:00:00",
      "quarter_label": "2022-09 (Q3)",
      "revenue": 110200000,
      "gross_profit": null,
      "operating_income": 7200000,
      "net_income": 500000,
      "opex": null,
      "cogs": null,
      "rd": null,
      "sga": null,
      "fcf": -25500000,
      "ocf": 11700000,
      "capex": -37200000,
      "gross_margin": null,
      "op_margin": 0.06533575317604355,
      "fcf_margin": -0.23139745916515425,
      "incr_op_margin_yoy": 0.0,
      "rev_growth_yoy": 0.12334352701325178,
      "rev_growth_yoy_accel": 0.09953400320372797,
      "fcf_margin_change": -0.3527321406616153
    },
    {
      "date": "2022-12-31T00:00:00",
      "quarter_label": "2022-12 (Q4)",
      "revenue": 161500000,
      "gross_profit": null,
      "operating_income": 25600000,
      "net_income": 14500000,
      "opex": null,
      "cogs": null,
      "rd": null,
      "sga": null,
      "fcf": -24600000,
      "ocf": 15000000,
      "capex": -39600000,
      "gross_margin": null,
      "op_margin": 0.1585139318885449,
      "fcf_margin": -0.1523219814241486,
      "incr_op_margin_yoy": -0.03686635944700461,
      "rev_growth_yoy": 0.1552217453505007,
      "rev_growth_yoy_accel": 0.03187821833724892,
      "fcf_margin_change": 0.07907547774100565
    },
    {
      "date": "2023-03-31T00:00:00",
      "quarter_label": "2023-03 (Q1)",
      "revenue": 220200000,
      "gross_profit": null,
      "operating_income": 39500000,
      "net_income": 24100000,
      "opex": null,
      "cogs": null,
      "rd": null,
      "sga": null,
      "fcf": -6900000,
      "ocf": 15300000,
      "capex": -22200000,
      "gross_margin": null,
      "op_margin": 0.17938237965485923,
      "fcf_margin": -0.031335149863760216,
      "incr_op_margin_yoy": 0.13405797101449277,
      "rev_growth_yoy": 0.14330218068535824,
      "rev_growth_yoy_accel": -0.011919564665142462,
      "fcf_margin_change": 0.12098683156038839
    },
    {
      "date": "2023-06-30T00:00:00",
      "quarter_label": "2023-06 (Q2)",
      "revenue": 103400000,
      "gross_profit": null,
      "operating_income": 11800000,
      "net_income": 4200000,
      "opex": null,
      "cogs": null,
      "rd": null,
      "sga": null,
      "fcf": 11700000,
      "ocf": 47100000,
      "capex": -35400000,
      "gross_margin": null,
      "op_margin": 0.11411992263056092,
      "fcf_margin": 0.11315280464216634,
      "incr_op_margin_yoy": -0.022222222222222223,
      "rev_growth_yoy": 0.0455005055611729,
      "rev_growth_yoy_accel": -0.09780167512418533,
      "fcf_margin_change": 0.14448795450592655
    },
    {
      "date": "2023-09-30T00:00:00",
      "quarter_label": "2023-09 (Q3)",
      "revenue": 103900000,
      "gross_profit": null,
      "operating_income": 8000000,
      "net_income": 1400000,
      "opex": null,
      "cogs": null,
      "rd": null,
      "sga": null,
      "fcf": -19500000,
      "ocf": 16300000,
      "capex": -35800000,
      "gross_margin": null,
      "op_margin": 0.07699711260827719,
      "fcf_margin": -0.18768046198267566,
      "incr_op_margin_yoy": -0.12698412698412698,
      "rev_growth_yoy": -0.05716878402903811,
      "rev_growth_yoy_accel": -0.10266928959021102,
      "fcf_margin_change": -0.300833266624842
    },
    {
      "date": "2023-12-31T00:00:00",
      "quarter_label": "2023-12 (Q4)",
      "revenue": 129600000,
      "gross_profit": null,
      "operating_income": 27800000,
      "net_income": 15500000,
      "opex": null,
      "cogs": null,
      "rd": null,
      "sga": null,
      "fcf": -19300000,
      "ocf": 28300000,
      "capex": -47600000,
      "gross_margin": null,
      "op_margin": 0.21450617283950618,
      "fcf_margin": -0.14891975308641975,
      "incr_op_margin_yoy": -0.06896551724137931,
      "rev_growth_yoy": -0.19752321981424148,
      "rev_growth_yoy_accel": -0.14035443578520337,
      "fcf_margin_change": 0.03876070889625591
    },
    {
      "date": "2024-03-31T00:00:00",
      "quarter_label": "2024-03 (Q1)",
      "revenue": 178700000,
      "gross_profit": null,
      "operating_income": 44200000,
      "net_income": 27200000,
      "opex": null,
      "cogs": null,
      "rd": null,
      "sga": null,
      "fcf": 6400000,
      "ocf": 26600000,
      "capex": -20200000,
      "gross_margin": null,
      "op_margin": 0.24734191382204812,
      "fcf_margin": 0.03581421376608842,
      "incr_op_margin_yoy": -0.11325301204819277,
      "rev_growth_yoy": -0.18846503178928248,
      "rev_growth_yoy_accel": 0.009058188024959002,
      "fcf_margin_change": 0.18473396685250817
    },
    {
      "date": "2024-06-30T00:00:00",
      "quarter_label": "2024-06 (Q2)",
      "revenue": 95700000,
      "gross_profit": null,
      "operating_income": 12400000,
      "net_income": 4300000,
      "opex": null,
      "cogs": null,
      "rd": null,
      "sga": null,
      "fcf": 13200000,
      "ocf": 49900000,
      "capex": -36700000,
      "gross_margin": null,
      "op_margin": 0.12957157784743992,
      "fcf_margin": 0.13793103448275862,
      "incr_op_margin_yoy": -0.07792207792207792,
      "rev_growth_yoy": -0.07446808510638298,
      "rev_growth_yoy_accel": 0.1139969466828995,
      "fcf_margin_change": 0.10211682071667019
    },
    {
      "date": "2024-09-30T00:00:00",
      "quarter_label": "2024-09 (Q3)",
      "revenue": 92900000,
      "gross_profit": null,
      "operating_income": 5800000,
      "net_income": 0,
      "opex": null,
      "cogs": null,
      "rd": null,
      "sga": null,
      "fcf": -31300000,
      "ocf": 26100000,
      "capex": -57400000,
      "gross_margin": null,
      "op_margin": 0.062432723358449946,
      "fcf_margin": -0.3369214208826695,
      "incr_op_margin_yoy": 0.2,
      "rev_growth_yoy": -0.10587102983638114,
      "rev_growth_yoy_accel": -0.03140294472999816,
      "fcf_margin_change": -0.47485245536542814
    },
    {
      "date": "2024-12-31T00:00:00",
      "quarter_label": "2024-12 (Q4)",
      "revenue": 127500000,
      "gross_profit": null,
      "operating_income": 28200000,
      "net_income": 15600000,
      "opex": null,
      "cogs": null,
      "rd": null,
      "sga": null,
      "fcf": -32300000,
      "ocf": 23300000,
      "capex": -55600000,
      "gross_margin": null,
      "op_margin": 0.2211764705882353,
      "fcf_margin": -0.25333333333333335,
      "incr_op_margin_yoy": -0.19047619047619047,
      "rev_growth_yoy": -0.016203703703703703,
      "rev_growth_yoy_accel": 0.08966732613267743,
      "fcf_margin_change": 0.08358808754933617
    },
    {
      "date": "2025-03-31T00:00:00",
      "quarter_label": "2025-03 (Q1)",
      "revenue": 170800000,
      "gross_profit": null,
      "operating_income": 46200000,
      "net_income": 27500000,
      "opex": null,
      "cogs": null,
      "rd": null,
      "sga": null,
      "fcf": 19500000,
      "ocf": 52100000,
      "capex": -32600000,
      "gross_margin": null,
      "op_margin": 0.27049180327868855,
      "fcf_margin": 0.11416861826697892,
      "incr_op_margin_yoy": -0.25316455696202533,
      "rev_growth_yoy": -0.04420817011751539,
      "rev_growth_yoy_accel": -0.02800446641381169,
      "fcf_margin_change": 0.3675019516003123
    },
    {
      "date": "2025-06-30T00:00:00",
      "quarter_label": "2025-06 (Q2)",
      "revenue": 102600000,
      "gross_profit": null,
      "operating_income": 13300000,
      "net_income": 4000000,
      "opex": null,
      "cogs": null,
      "rd": null,
      "sga": null,
      "fcf": 2000000,
      "ocf": 42200000,
      "capex": -40200000,
      "gross_margin": null,
      "op_margin": 0.12962962962962962,
      "fcf_margin": 0.01949317738791423,
      "incr_op_margin_yoy": 0.13043478260869565,
      "rev_growth_yoy": 0.07210031347962383,
      "rev_growth_yoy_accel": 0.11630848359713922,
      "fcf_margin_change": -0.0946754408790647
    },
    {
      "date": "2025-09-30T00:00:00",
      "quarter_label": "2025-09 (Q3)",
      "revenue": 101100000,
      "gross_profit": null,
      "operating_income": 7000000,
      "net_income": -300000,
      "opex": null,
      "cogs": null,
      "rd": null,
      "sga": null,
      "fcf": -39000000,
      "ocf": 15600000,
      "capex": -54600000,
      "gross_margin": null,
      "op_margin": 0.06923837784371908,
      "fcf_margin": -0.3857566765578635,
      "incr_op_margin_yoy": 0.14634146341463414,
      "rev_growth_yoy": 0.08826695371367062,
      "rev_growth_yoy_accel": 0.016166640234046792,
      "fcf_margin_change": -0.4052498539457777
    }
  ],
  "signals": [
    {
      "quarter": "2025-06 (Q2)",
      "signal": "YoY REVENUE GROWTH ACCELERATION",
      "detail": "YoY growth: +7.2% vs prior quarter YoY: -4.4% (accel: +11.6%)",
      "severity": "MEDIUM"
    },
    {
      "quarter": "2025-03 (Q1)",
      "signal": "FCF TURNED POSITIVE",
      "detail": "FCF margin: -25.3% -> +11.4%",
      "severity": "HIGH"
    },
    {
      "quarter": "2024-12 (Q4)",
      "signal": "FCF MARGIN EXPANSION",
      "detail": "FCF margin: -33.7% -> -25.3% (+8.4%)",
      "severity": "MEDIUM"
    },
    {
      "quarter": "2024-12 (Q4)",
      "signal": "YoY REVENUE GROWTH ACCELERATION",
      "detail": "YoY growth: -1.6% vs prior quarter YoY: -10.6% (accel: +9.0%)",
      "severity": "MEDIUM"
    },
    {
      "quarter": "2024-09 (Q3)",
      "signal": "INCREMENTAL MARGIN (YoY)",
      "detail": "YoY Incr OPM: +20.0% vs year-ago OPM: +7.7%",
      "severity": "MEDIUM"
    },
    {
      "quarter": "2024-06 (Q2)",
      "signal": "FCF MARGIN EXPANSION",
      "detail": "FCF margin: +3.6% -> +13.8% (+10.2%)",
      "severity": "MEDIUM"
    },
    {
      "quarter": "2024-06 (Q2)",
      "signal": "YoY REVENUE GROWTH ACCELERATION",
      "detail": "YoY growth: -7.4% vs prior quarter YoY: -18.8% (accel: +11.4%)",
      "severity": "MEDIUM"
    },
    {
      "quarter": "2024-03 (Q1)",
      "signal": "FCF TURNED POSITIVE",
      "detail": "FCF margin: -14.9% -> +3.6%",
      "severity": "HIGH"
    },
    {
      "quarter": "2023-12 (Q4)",
      "signal": "YoY REVENUE GROWTH DECELERATION",
      "detail": "YoY growth: -19.8% vs prior quarter YoY: -5.7% (decel: -14.0%)",
      "severity": "WARNING"
    },
    {
      "quarter": "2023-09 (Q3)",
      "signal": "YoY REVENUE GROWTH DECELERATION",
      "detail": "YoY growth: -5.7% vs prior quarter YoY: +4.6% (decel: -10.3%)",
      "severity": "WARNING"
    },
    {
      "quarter": "2023-06 (Q2)",
      "signal": "FCF TURNED POSITIVE",
      "detail": "FCF margin: -3.1% -> +11.3%",
      "severity": "HIGH"
    },
    {
      "quarter": "2023-06 (Q2)",
      "signal": "YoY REVENUE GROWTH DECELERATION",
      "detail": "YoY growth: +4.6% vs prior quarter YoY: +14.3% (decel: -9.8%)",
      "severity": "WARNING"
    },
    {
      "quarter": "2023-03 (Q1)",
      "signal": "FCF MARGIN EXPANSION",
      "detail": "FCF margin: -15.2% -> -3.1% (+12.1%)",
      "severity": "MEDIUM"
    },
    {
      "quarter": "2022-12 (Q4)",
      "signal": "FCF MARGIN EXPANSION",
      "detail": "FCF margin: -23.1% -> -15.2% (+7.9%)",
      "severity": "MEDIUM"
    },
    {
      "quarter": "2022-09 (Q3)",
      "signal": "YoY REVENUE GROWTH ACCELERATION",
      "detail": "YoY growth: +12.3% vs prior quarter YoY: +2.4% (accel: +10.0%)",
      "severity": "MEDIUM"
    },
    {
      "quarter": "2022-06 (Q2)",
      "signal": "FCF MARGIN EXPANSION",
      "detail": "FCF margin: +7.1% -> +12.1% (+5.0%)",
      "severity": "MEDIUM"
    },
    {
      "quarter": "2022-06 (Q2)",
      "signal": "YoY REVENUE GROWTH DECELERATION",
      "detail": "YoY growth: +2.4% vs prior quarter YoY: +38.8% (decel: -36.4%)",
      "severity": "WARNING"
    },
    {
      "quarter": "2022-06 (Q2)",
      "signal": "INCREMENTAL MARGIN (YoY)",
      "detail": "YoY Incr OPM: +47.8% vs year-ago OPM: +11.2%",
      "severity": "HIGH"
    },
    {
      "quarter": "2022-03 (Q1)",
      "signal": "FCF TURNED POSITIVE",
      "detail": "FCF margin: -15.5% -> +7.1%",
      "severity": "HIGH"
    },
    {
      "quarter": "2022-03 (Q1)",
      "signal": "YoY REVENUE GROWTH ACCELERATION",
      "detail": "YoY growth: +38.8% vs prior quarter YoY: +19.6% (accel: +19.2%)",
      "severity": "HIGH"
    },
    {
      "quarter": "2021-12 (Q4)",
      "signal": "FCF MARGIN EXPANSION",
      "detail": "FCF margin: -28.0% -> -15.5% (+12.6%)",
      "severity": "MEDIUM"
    },
    {
      "quarter": "2021-03 (Q1)",
      "signal": "FCF TURNED POSITIVE",
      "detail": "FCF margin: -24.1% -> +24.2%",
      "severity": "HIGH"
    }
  ],
  "data_quality": {
    "n_quarters": 20,
    "coverage": {
      "revenue": [
        20,
        20
      ],
      "gross_profit": [
        0,
        20
      ],
      "op_income": [
        20,
        20
      ],
      "fcf": [
        20,
        20
      ]
    },
    "gaps": [],
    "warnings": [
      "gross_profit: no data"
    ]
  },
  "market_cap": null,
  "source": "SEC EDGAR",
  "last_updated": "2026-02-02T22:04:49.025927"
}