{
  "ticker": "UTZ",
  "name": "Utz Brands, Inc.",
  "quarters": [
    {
      "date": "2021-01-03T00:00:00",
      "quarter_label": "2021-01 (Q1)",
      "revenue": 246276000,
      "gross_profit": null,
      "operating_income": 221000,
      "net_income": -7968000,
      "opex": null,
      "cogs": null,
      "rd": null,
      "sga": null,
      "fcf": null,
      "ocf": null,
      "capex": null,
      "gross_margin": null,
      "op_margin": 0.0008973671815361627,
      "fcf_margin": null
    },
    {
      "date": "2021-04-04T00:00:00",
      "quarter_label": "2021-04 (Q2)",
      "revenue": 269182000,
      "gross_profit": 95241000,
      "operating_income": 9299000,
      "net_income": -22529000,
      "opex": 85942000,
      "cogs": 173941000,
      "rd": null,
      "sga": 86661000,
      "fcf": -15317000,
      "ocf": -13183000,
      "capex": -2134000,
      "gross_margin": 0.3538163770237237,
      "op_margin": 0.03454540050969233,
      "fcf_margin": -0.056902021680498696
    },
    {
      "date": "2021-07-04T00:00:00",
      "quarter_label": "2021-07 (Q3)",
      "revenue": 297919000,
      "gross_profit": 95560000,
      "operating_income": 4369000,
      "net_income": 17579000,
      "opex": 91191000,
      "cogs": 202359000,
      "rd": null,
      "sga": 93480000,
      "fcf": 4450000,
      "ocf": 13139000,
      "capex": -8689000,
      "gross_margin": 0.3207583269277891,
      "op_margin": 0.014665059965963904,
      "fcf_margin": 0.01493694594839537,
      "op_leverage_ratio": 1.747931044405357,
      "fcf_margin_change": 0.07183896762889407
    },
    {
      "date": "2021-10-03T00:00:00",
      "quarter_label": "2021-10 (Q4)",
      "revenue": 312680000,
      "gross_profit": 102627000,
      "operating_income": 2875000,
      "net_income": 33252000,
      "opex": 99752000,
      "cogs": 210053000,
      "rd": null,
      "sga": 98709000,
      "fcf": -2645000,
      "ocf": 4326000,
      "capex": -6971000,
      "gross_margin": 0.32821734680823844,
      "op_margin": 0.009194703850582065,
      "fcf_margin": -0.0084591275425355,
      "op_leverage_ratio": 0.5277704372881091,
      "fcf_margin_change": -0.02339607349093087
    },
    {
      "date": "2022-01-02T00:00:00",
      "quarter_label": "2022-01 (Q1)",
      "revenue": 300932000,
      "gross_profit": 90481000,
      "operating_income": -5977000,
      "net_income": -7747000,
      "opex": 96458000,
      "cogs": 210451000,
      "rd": null,
      "sga": 96357000,
      "fcf": 30160000,
      "ocf": 44105000,
      "capex": -13945000,
      "gross_margin": 0.3006692541836694,
      "op_margin": -0.019861629869870934,
      "fcf_margin": 0.10022197705794,
      "incr_op_margin_yoy": -0.1134001756440281,
      "rev_growth_yoy": 0.2219298673033507,
      "fcf_margin_change": 0.1086811046004755
    },
    {
      "date": "2022-04-03T00:00:00",
      "quarter_label": "2022-04 (Q2)",
      "revenue": 340767000,
      "gross_profit": 103807000,
      "operating_income": -22487000,
      "net_income": -17570000,
      "opex": 126294000,
      "cogs": 236960000,
      "rd": null,
      "sga": 126661000,
      "fcf": -44141000,
      "ocf": -36004000,
      "capex": -8137000,
      "gross_margin": 0.3046275020761987,
      "op_margin": -0.06598937103651469,
      "fcf_margin": -0.12953425654479453,
      "incr_op_margin_yoy": -0.444031570859817,
      "rev_growth_yoy": 0.2659353151399425,
      "rev_growth_yoy_accel": 0.0440054478365918,
      "op_leverage_ratio": 0.42795105799278654,
      "fcf_margin_change": -0.22975623360273453
    },
    {
      "date": "2022-07-03T00:00:00",
      "quarter_label": "2022-07 (Q3)",
      "revenue": 350147000,
      "gross_profit": 111529000,
      "operating_income": 5292000,
      "net_income": 3179000,
      "opex": 106237000,
      "cogs": 238618000,
      "rd": null,
      "sga": 107612000,
      "fcf": -42405000,
      "ocf": 9736000,
      "capex": -52141000,
      "gross_margin": 0.31852050710130314,
      "op_margin": 0.01511365226604826,
      "fcf_margin": -0.12110627822029034,
      "incr_op_margin_yoy": 0.017672512828367924,
      "rev_growth_yoy": 0.1753093961781558,
      "rev_growth_yoy_accel": -0.0906259189617867,
      "op_leverage_ratio": Infinity,
      "fcf_margin_change": 0.00842797832450419
    },
    {
      "date": "2022-10-02T00:00:00",
      "quarter_label": "2022-10 (Q4)",
      "revenue": 362818000,
      "gross_profit": 118273000,
      "operating_income": 15005000,
      "net_income": -888000,
      "opex": 103268000,
      "cogs": 244545000,
      "rd": null,
      "sga": 102445000,
      "fcf": 25909000,
      "ocf": 34339000,
      "capex": -8430000,
      "gross_margin": 0.3259843778423342,
      "op_margin": 0.04135682353135732,
      "fcf_margin": 0.07141045923851629,
      "incr_op_margin_yoy": 0.24193226694323666,
      "rev_growth_yoy": 0.16034923883842905,
      "rev_growth_yoy_accel": -0.014960157339726748,
      "op_leverage_ratio": Infinity,
      "fcf_margin_change": 0.19251673745880662
    },
    {
      "date": "2023-01-01T00:00:00",
      "quarter_label": "2023-01 (Q1)",
      "revenue": 354669000,
      "gross_profit": 115448000,
      "operating_income": 7534000,
      "net_income": 14887000,
      "opex": 107914000,
      "cogs": 239221000,
      "rd": null,
      "sga": 107686000,
      "fcf": 20865000,
      "ocf": 40122000,
      "capex": -19257000,
      "gross_margin": 0.3255091366880105,
      "op_margin": 0.02124234145076113,
      "fcf_margin": 0.05882950018185971,
      "incr_op_margin_yoy": 0.2514282524145375,
      "rev_growth_yoy": 0.17856858027727193,
      "rev_growth_yoy_accel": 0.01821934143884288,
      "fcf_margin_change": -0.012580959056656578
    },
    {
      "date": "2023-04-02T00:00:00",
      "quarter_label": "2023-04 (Q2)",
      "revenue": 351433000,
      "gross_profit": 104496000,
      "operating_income": -2098000,
      "net_income": -9127000,
      "opex": 106594000,
      "cogs": 246937000,
      "rd": null,
      "sga": 106086000,
      "fcf": -22349000,
      "ocf": -8443000,
      "capex": -13906000,
      "gross_margin": 0.2973425944632405,
      "op_margin": -0.005969843469452214,
      "fcf_margin": -0.06359391406043258,
      "incr_op_margin_yoy": 1.9115882242640165,
      "rev_growth_yoy": 0.03129997916464916,
      "rev_growth_yoy_accel": -0.14726860111262277,
      "fcf_margin_change": -0.12242341424229228
    },
    {
      "date": "2023-07-02T00:00:00",
      "quarter_label": "2023-07 (Q3)",
      "revenue": 362853000,
      "gross_profit": 117393000,
      "operating_income": 2661000,
      "net_income": -4124000,
      "opex": 114732000,
      "cogs": 245460000,
      "rd": null,
      "sga": 114453000,
      "fcf": -12124000,
      "ocf": 4128000,
      "capex": -16252000,
      "gross_margin": 0.3235277095683376,
      "op_margin": 0.007333548296417558,
      "fcf_margin": -0.03341297991197537,
      "incr_op_margin_yoy": -0.20706752715252635,
      "rev_growth_yoy": 0.03628761634399267,
      "rev_growth_yoy_accel": 0.004987637179343508,
      "op_leverage_ratio": 0.4256362793304682,
      "fcf_margin_change": 0.030180934148457204
    },
    {
      "date": "2023-10-01T00:00:00",
      "quarter_label": "2023-10 (Q4)",
      "revenue": 371852000,
      "gross_profit": 119269000,
      "operating_income": 5277000,
      "net_income": 15993000,
      "opex": 113992000,
      "cogs": 252583000,
      "rd": null,
      "sga": 105504000,
      "fcf": 37896000,
      "ocf": 53445000,
      "capex": -15549000,
      "gross_margin": 0.3207431989070921,
      "op_margin": 0.014191129804330755,
      "fcf_margin": 0.10191151318266407,
      "incr_op_margin_yoy": -1.0768208988266548,
      "rev_growth_yoy": 0.02489953640668324,
      "rev_growth_yoy_accel": -0.01138807993730943,
      "op_leverage_ratio": Infinity,
      "fcf_margin_change": 0.13532449309463945
    },
    {
      "date": "2023-12-31T00:00:00",
      "quarter_label": "2023-12 (Q4)",
      "revenue": 352099000,
      "gross_profit": 115328000,
      "operating_income": 10177000,
      "net_income": -27679000,
      "opex": 105151000,
      "cogs": 236771000,
      "rd": null,
      "sga": 107076000,
      "fcf": 17493000,
      "ocf": 27510000,
      "capex": -10017000,
      "gross_margin": 0.32754424181835223,
      "op_margin": 0.028903802623693905,
      "fcf_margin": 0.04968204965080844,
      "incr_op_margin_yoy": -1.0284046692607003,
      "rev_growth_yoy": -0.007246192929181857,
      "rev_growth_yoy_accel": -0.0321457293358651,
      "fcf_margin_change": -0.05222946353185563
    },
    {
      "date": "2024-03-31T00:00:00",
      "quarter_label": "2024-03 (Q1)",
      "revenue": 346523000,
      "gross_profit": 119573000,
      "operating_income": 9655000,
      "net_income": -3990000,
      "opex": 109918000,
      "cogs": 226950000,
      "rd": null,
      "sga": 109448000,
      "fcf": -22695000,
      "ocf": -9065000,
      "capex": -13630000,
      "gross_margin": 0.34506511833269365,
      "op_margin": 0.027862508404925504,
      "fcf_margin": -0.06549348816673063,
      "incr_op_margin_yoy": -2.393686354378819,
      "rev_growth_yoy": -0.013971368653484448,
      "rev_growth_yoy_accel": -0.006725175724302592,
      "fcf_margin_change": -0.11517553781753907
    },
    {
      "date": "2024-06-30T00:00:00",
      "quarter_label": "2024-06 (Q2)",
      "revenue": 356190000,
      "gross_profit": 124754000,
      "operating_income": 22534000,
      "net_income": 19848000,
      "opex": 102220000,
      "cogs": 231436000,
      "rd": null,
      "sga": 104593000,
      "fcf": -15305000,
      "ocf": 8865000,
      "capex": -24170000,
      "gross_margin": 0.35024565540863023,
      "op_margin": 0.06326398832084,
      "fcf_margin": -0.04296864033240686,
      "incr_op_margin_yoy": -2.9825904247336035,
      "rev_growth_yoy": -0.018362808079304842,
      "rev_growth_yoy_accel": -0.004391439425820393,
      "op_leverage_ratio": Infinity,
      "fcf_margin_change": 0.02252484783432377
    },
    {
      "date": "2024-09-29T00:00:00",
      "quarter_label": "2024-09 (Q3)",
      "revenue": 365523000,
      "gross_profit": 131023000,
      "operating_income": 19481000,
      "net_income": -2198000,
      "opex": 111542000,
      "cogs": 234500000,
      "rd": null,
      "sga": 110041000,
      "fcf": 29100000,
      "ocf": 52200000,
      "capex": -23100000,
      "gross_margin": 0.358453503609896,
      "op_margin": 0.05329623580458685,
      "fcf_margin": 0.07961195328337752,
      "incr_op_margin_yoy": -2.244272396903144,
      "rev_growth_yoy": -0.017020212342544885,
      "rev_growth_yoy_accel": 0.0013425957367599571,
      "op_leverage_ratio": 0.28732030668637054,
      "fcf_margin_change": 0.12258059361578438
    },
    {
      "date": "2024-12-29T00:00:00",
      "quarter_label": "2024-12 (Q4)",
      "revenue": 341045000,
      "gross_profit": 119427000,
      "operating_income": 7236000,
      "net_income": 2314000,
      "opex": 112191000,
      "cogs": 221618000,
      "rd": null,
      "sga": 111711000,
      "fcf": 16427000,
      "ocf": 54166000,
      "capex": -37739000,
      "gross_margin": 0.35017959506809954,
      "op_margin": 0.02121714143294873,
      "fcf_margin": 0.048166664223196355,
      "incr_op_margin_yoy": 0.2660575357336711,
      "rev_growth_yoy": -0.031394579365462555,
      "rev_growth_yoy_accel": -0.01437436702291767,
      "fcf_margin_change": -0.03144528906018116
    },
    {
      "date": "2025-03-30T00:00:00",
      "quarter_label": "2025-03 (Q1)",
      "revenue": 352084000,
      "gross_profit": 118230000,
      "operating_income": 5676000,
      "net_income": 7502000,
      "opex": 112554000,
      "cogs": 233854000,
      "rd": null,
      "sga": 113214000,
      "fcf": -59013000,
      "ocf": -20218000,
      "capex": -38795000,
      "gross_margin": 0.3358005475965963,
      "op_margin": 0.01612115290669272,
      "fcf_margin": -0.1676105702048375,
      "incr_op_margin_yoy": -0.7155187915842475,
      "rev_growth_yoy": 0.01604799681406429,
      "rev_growth_yoy_accel": 0.047442576179526845,
      "op_leverage_ratio": 10.003902274596223,
      "fcf_margin_change": -0.21577723442803384
    },
    {
      "date": "2025-06-29T00:00:00",
      "quarter_label": "2025-06 (Q2)",
      "revenue": 366700000,
      "gross_profit": 126800000,
      "operating_income": 6400000,
      "net_income": 10500000,
      "opex": 120400000,
      "cogs": 239900000,
      "rd": null,
      "sga": 119500000,
      "fcf": -10587000,
      "ocf": 16318000,
      "capex": -26905000,
      "gross_margin": 0.34578674665939463,
      "op_margin": 0.01745295882192528,
      "fcf_margin": -0.028871011726206708,
      "incr_op_margin_yoy": -1.5351094196003805,
      "rev_growth_yoy": 0.029506723939470507,
      "rev_growth_yoy_accel": 0.013458727125406217,
      "op_leverage_ratio": 0.5955179751195042,
      "fcf_margin_change": 0.1387395584786308
    },
    {
      "date": "2025-09-28T00:00:00",
      "quarter_label": "2025-09 (Q3)",
      "revenue": 377800000,
      "gross_profit": 126900000,
      "operating_income": 3300000,
      "net_income": -14700000,
      "opex": 123600000,
      "cogs": 250900000,
      "rd": null,
      "sga": 123100000,
      "fcf": 27700000,
      "ocf": 51200000,
      "capex": -23500000,
      "gross_margin": 0.3358920063525675,
      "op_margin": 0.008734780307040762,
      "fcf_margin": 0.07331921651667549,
      "incr_op_margin_yoy": -1.3179929950313594,
      "rev_growth_yoy": 0.033587489706530096,
      "rev_growth_yoy_accel": 0.0040807657670595895,
      "op_leverage_ratio": 1.1389078265612216,
      "fcf_margin_change": 0.1021902282428822
    }
  ],
  "signals": [
    {
      "quarter": "2025-09 (Q3)",
      "signal": "FCF TURNED POSITIVE",
      "detail": "FCF margin: -2.9% -> +7.3%",
      "severity": "HIGH"
    },
    {
      "quarter": "2025-06 (Q2)",
      "signal": "FCF MARGIN EXPANSION",
      "detail": "FCF margin: -16.8% -> -2.9% (+13.9%)",
      "severity": "MEDIUM"
    },
    {
      "quarter": "2025-03 (Q1)",
      "signal": "OPERATING LEVERAGE",
      "detail": "Rev growth +3.2% vs OpEx growth +0.3% (leverage: 10.0x)",
      "severity": "MEDIUM"
    },
    {
      "quarter": "2024-12 (Q4)",
      "signal": "INCREMENTAL MARGIN (YoY)",
      "detail": "YoY Incr OPM: +26.6% vs year-ago OPM: +2.9%",
      "severity": "HIGH"
    },
    {
      "quarter": "2024-09 (Q3)",
      "signal": "FCF TURNED POSITIVE",
      "detail": "FCF margin: -4.3% -> +8.0%",
      "severity": "HIGH"
    },
    {
      "quarter": "2024-03 (Q1)",
      "signal": "OP MARGIN TURNED POSITIVE (YoY)",
      "detail": "Op margin: -0.6% (year-ago) -> +2.8%",
      "severity": "HIGH"
    },
    {
      "quarter": "2023-10 (Q4)",
      "signal": "FCF TURNED POSITIVE",
      "detail": "FCF margin: -3.3% -> +10.2%",
      "severity": "HIGH"
    },
    {
      "quarter": "2023-07 (Q3)",
      "signal": "GROSS MARGIN INFLECTION",
      "detail": "GM: +32.6% -> +29.7% -> +32.4% (reversal +2.6%)",
      "severity": "MEDIUM"
    },
    {
      "quarter": "2023-07 (Q3)",
      "signal": "OP MARGIN TURNED POSITIVE (QoQ)",
      "detail": "Op margin: -0.6% -> +0.7%",
      "severity": "HIGH"
    },
    {
      "quarter": "2023-04 (Q2)",
      "signal": "YoY REVENUE GROWTH DECELERATION",
      "detail": "YoY growth: +3.1% vs prior quarter YoY: +17.9% (decel: -14.7%)",
      "severity": "WARNING"
    },
    {
      "quarter": "2023-01 (Q1)",
      "signal": "OP MARGIN TURNED POSITIVE (YoY)",
      "detail": "Op margin: -2.0% (year-ago) -> +2.1%",
      "severity": "HIGH"
    },
    {
      "quarter": "2022-10 (Q4)",
      "signal": "FCF TURNED POSITIVE",
      "detail": "FCF margin: -12.1% -> +7.1%",
      "severity": "HIGH"
    },
    {
      "quarter": "2022-10 (Q4)",
      "signal": "INCREMENTAL MARGIN (YoY)",
      "detail": "YoY Incr OPM: +24.2% vs year-ago OPM: +0.9%",
      "severity": "HIGH"
    },
    {
      "quarter": "2022-07 (Q3)",
      "signal": "YoY REVENUE GROWTH DECELERATION",
      "detail": "YoY growth: +17.5% vs prior quarter YoY: +26.6% (decel: -9.1%)",
      "severity": "WARNING"
    },
    {
      "quarter": "2022-07 (Q3)",
      "signal": "OP MARGIN TURNED POSITIVE (QoQ)",
      "detail": "Op margin: -6.6% -> +1.5%",
      "severity": "HIGH"
    },
    {
      "quarter": "2022-01 (Q1)",
      "signal": "FCF TURNED POSITIVE",
      "detail": "FCF margin: -0.8% -> +10.0%",
      "severity": "HIGH"
    },
    {
      "quarter": "2021-07 (Q3)",
      "signal": "FCF TURNED POSITIVE",
      "detail": "FCF margin: -5.7% -> +1.5%",
      "severity": "HIGH"
    },
    {
      "quarter": "2021-07 (Q3)",
      "signal": "OPERATING LEVERAGE",
      "detail": "Rev growth +10.7% vs OpEx growth +6.1% (leverage: 1.7x)",
      "severity": "MEDIUM"
    }
  ],
  "data_quality": {
    "n_quarters": 20,
    "coverage": {
      "revenue": [
        20,
        20
      ],
      "gross_profit": [
        19,
        20
      ],
      "op_income": [
        20,
        20
      ],
      "fcf": [
        19,
        20
      ]
    },
    "gaps": [],
    "warnings": []
  },
  "market_cap": null,
  "source": "SEC EDGAR",
  "last_updated": "2026-02-02T22:03:58.514148"
}