{
  "ticker": "UVE",
  "name": "UNIVERSAL INSURANCE HOLDINGS, INC.",
  "quarters": [
    {
      "date": "2020-12-31T00:00:00",
      "quarter_label": "2020-12 (Q4)",
      "revenue": 273126000,
      "gross_profit": null,
      "operating_income": null,
      "net_income": -17675000,
      "opex": null,
      "cogs": null,
      "rd": null,
      "sga": 66185000,
      "fcf": -146833000,
      "ocf": -144197000,
      "capex": -2636000,
      "gross_margin": null,
      "op_margin": null,
      "fcf_margin": -0.5376016929915131
    },
    {
      "date": "2021-03-31T00:00:00",
      "quarter_label": "2021-03 (Q1)",
      "revenue": 262757000,
      "gross_profit": null,
      "operating_income": null,
      "net_income": 26408000,
      "opex": null,
      "cogs": null,
      "rd": null,
      "sga": 82443000,
      "fcf": 60054000,
      "ocf": 61265000,
      "capex": -1211000,
      "gross_margin": null,
      "op_margin": null,
      "fcf_margin": 0.22855337821637484,
      "fcf_margin_change": 0.766155071207888
    },
    {
      "date": "2021-06-30T00:00:00",
      "quarter_label": "2021-06 (Q2)",
      "revenue": 279181000,
      "gross_profit": null,
      "operating_income": null,
      "net_income": 21941000,
      "opex": null,
      "cogs": null,
      "rd": null,
      "sga": 81901000,
      "fcf": 194042000,
      "ocf": 195855000,
      "capex": -1813000,
      "gross_margin": null,
      "op_margin": null,
      "fcf_margin": 0.6950401352527572,
      "fcf_margin_change": 0.46648675703638237
    },
    {
      "date": "2021-09-30T00:00:00",
      "quarter_label": "2021-09 (Q3)",
      "revenue": 287254000,
      "gross_profit": null,
      "operating_income": null,
      "net_income": 20183000,
      "opex": null,
      "cogs": null,
      "rd": null,
      "sga": 73209000,
      "fcf": 15004000,
      "ocf": 16860000,
      "capex": -1856000,
      "gross_margin": null,
      "op_margin": null,
      "fcf_margin": 0.05223251895534962,
      "fcf_margin_change": -0.6428076162974076
    },
    {
      "date": "2021-12-31T00:00:00",
      "quarter_label": "2021-12 (Q4)",
      "revenue": 292659000,
      "gross_profit": null,
      "operating_income": null,
      "net_income": -48125000,
      "opex": null,
      "cogs": null,
      "rd": null,
      "sga": 76680000,
      "fcf": -41948000,
      "ocf": -39602000,
      "capex": -2346000,
      "gross_margin": null,
      "op_margin": null,
      "fcf_margin": -0.14333405089199375,
      "rev_growth_yoy": 0.0715164429603919,
      "fcf_margin_change": -0.19556656984734336
    },
    {
      "date": "2022-03-31T00:00:00",
      "quarter_label": "2022-03 (Q1)",
      "revenue": 287482000,
      "gross_profit": null,
      "operating_income": null,
      "net_income": 17537000,
      "opex": null,
      "cogs": null,
      "rd": null,
      "sga": 78297000,
      "fcf": -29266000,
      "ocf": -27081000,
      "capex": -2185000,
      "gross_margin": null,
      "op_margin": null,
      "fcf_margin": -0.10180115624630412,
      "rev_growth_yoy": 0.09409834942551483,
      "rev_growth_yoy_accel": 0.022581906465122925,
      "fcf_margin_change": 0.04153289464568963
    },
    {
      "date": "2022-06-30T00:00:00",
      "quarter_label": "2022-06 (Q2)",
      "revenue": 292006000,
      "gross_profit": null,
      "operating_income": null,
      "net_income": 7370000,
      "opex": null,
      "cogs": null,
      "rd": null,
      "sga": 79291000,
      "fcf": 250897000,
      "ocf": 252505000,
      "capex": -1608000,
      "gross_margin": null,
      "op_margin": null,
      "fcf_margin": 0.8592186461922016,
      "rev_growth_yoy": 0.04593793990278708,
      "rev_growth_yoy_accel": -0.04816040952272775,
      "fcf_margin_change": 0.9610198024385057
    },
    {
      "date": "2022-09-30T00:00:00",
      "quarter_label": "2022-09 (Q3)",
      "revenue": 312810000,
      "gross_profit": null,
      "operating_income": null,
      "net_income": -72275000,
      "opex": null,
      "cogs": null,
      "rd": null,
      "sga": 73973000,
      "fcf": -2862000,
      "ocf": -2267000,
      "capex": -595000,
      "gross_margin": null,
      "op_margin": null,
      "fcf_margin": -0.009149323870720245,
      "rev_growth_yoy": 0.08896655921240436,
      "rev_growth_yoy_accel": 0.04302861930961728,
      "fcf_margin_change": -0.8683679700629218
    },
    {
      "date": "2022-12-31T00:00:00",
      "quarter_label": "2022-12 (Q4)",
      "revenue": 330360000,
      "gross_profit": null,
      "operating_income": null,
      "net_income": 25111000,
      "opex": null,
      "cogs": null,
      "rd": null,
      "sga": 73336000,
      "fcf": 100847000,
      "ocf": 101358000,
      "capex": -511000,
      "gross_margin": null,
      "op_margin": null,
      "fcf_margin": 0.30526395447390725,
      "rev_growth_yoy": 0.12882228122148986,
      "rev_growth_yoy_accel": 0.039855722009085506,
      "fcf_margin_change": 0.3144132783446275
    },
    {
      "date": "2023-03-31T00:00:00",
      "quarter_label": "2023-03 (Q1)",
      "revenue": 316508000,
      "gross_profit": null,
      "operating_income": null,
      "net_income": 24173000,
      "opex": null,
      "cogs": null,
      "rd": null,
      "sga": 75927000,
      "fcf": -50947000,
      "ocf": -50257000,
      "capex": -690000,
      "gross_margin": null,
      "op_margin": null,
      "fcf_margin": -0.16096591555347733,
      "rev_growth_yoy": 0.10096632136968575,
      "rev_growth_yoy_accel": -0.027855959851804113,
      "fcf_margin_change": -0.4662298700273846
    },
    {
      "date": "2023-06-30T00:00:00",
      "quarter_label": "2023-06 (Q2)",
      "revenue": 339570000,
      "gross_profit": null,
      "operating_income": null,
      "net_income": 28566000,
      "opex": null,
      "cogs": null,
      "rd": null,
      "sga": 76675000,
      "fcf": 50485000,
      "ocf": 51657000,
      "capex": -1172000,
      "gross_margin": null,
      "op_margin": null,
      "fcf_margin": 0.1486733221427099,
      "rev_growth_yoy": 0.16288706396443908,
      "rev_growth_yoy_accel": 0.06192074259475333,
      "fcf_margin_change": 0.30963923769618723
    },
    {
      "date": "2023-09-30T00:00:00",
      "quarter_label": "2023-09 (Q3)",
      "revenue": 360048000,
      "gross_profit": null,
      "operating_income": null,
      "net_income": -5915000,
      "opex": null,
      "cogs": null,
      "rd": null,
      "sga": 78322000,
      "fcf": 68224000,
      "ocf": 69231000,
      "capex": -1007000,
      "gross_margin": null,
      "op_margin": null,
      "fcf_margin": 0.18948584633160023,
      "rev_growth_yoy": 0.15101179629807232,
      "rev_growth_yoy_accel": -0.011875267666366762,
      "fcf_margin_change": 0.04081252418889034
    },
    {
      "date": "2023-12-31T00:00:00",
      "quarter_label": "2023-12 (Q4)",
      "revenue": 375456000,
      "gross_profit": null,
      "operating_income": null,
      "net_income": 19999000,
      "opex": null,
      "cogs": null,
      "rd": null,
      "sga": 73142000,
      "fcf": -810000,
      "ocf": 340000,
      "capex": -1150000,
      "gross_margin": null,
      "op_margin": null,
      "fcf_margin": -0.0021573766300178984,
      "rev_growth_yoy": 0.13650563022157647,
      "rev_growth_yoy_accel": -0.014506166076495852,
      "fcf_margin_change": -0.19164322296161812
    },
    {
      "date": "2024-03-31T00:00:00",
      "quarter_label": "2024-03 (Q1)",
      "revenue": 367959000,
      "gross_profit": null,
      "operating_income": null,
      "net_income": 33657000,
      "opex": null,
      "cogs": null,
      "rd": null,
      "sga": 78666000,
      "fcf": 79618000,
      "ocf": 82916000,
      "capex": -3298000,
      "gross_margin": null,
      "op_margin": null,
      "fcf_margin": 0.21637736813068847,
      "rev_growth_yoy": 0.16255829236543784,
      "rev_growth_yoy_accel": 0.02605266214386137,
      "fcf_margin_change": 0.21853474476070636
    },
    {
      "date": "2024-06-30T00:00:00",
      "quarter_label": "2024-06 (Q2)",
      "revenue": 380214000,
      "gross_profit": null,
      "operating_income": null,
      "net_income": 35416000,
      "opex": null,
      "cogs": null,
      "rd": null,
      "sga": 87114000,
      "fcf": 71640000,
      "ocf": 73157000,
      "capex": -1517000,
      "gross_margin": null,
      "op_margin": null,
      "fcf_margin": 0.18842020546323912,
      "rev_growth_yoy": 0.11969255234561357,
      "rev_growth_yoy_accel": -0.04286574001982427,
      "fcf_margin_change": -0.027957162667449353
    },
    {
      "date": "2024-09-30T00:00:00",
      "quarter_label": "2024-09 (Q3)",
      "revenue": 387554000,
      "gross_profit": null,
      "operating_income": null,
      "net_income": -16163000,
      "opex": null,
      "cogs": null,
      "rd": null,
      "sga": 87103000,
      "fcf": 80962000,
      "ocf": 82624000,
      "capex": -1662000,
      "gross_margin": null,
      "op_margin": null,
      "fcf_margin": 0.20890508161443308,
      "rev_growth_yoy": 0.07639536950628804,
      "rev_growth_yoy_accel": -0.04329718283932553,
      "fcf_margin_change": 0.02048487615119396
    },
    {
      "date": "2024-12-31T00:00:00",
      "quarter_label": "2024-12 (Q4)",
      "revenue": 384809000,
      "gross_profit": null,
      "operating_income": null,
      "net_income": 6018000,
      "opex": null,
      "cogs": null,
      "rd": null,
      "sga": 89200000,
      "fcf": -102230000,
      "ocf": -101339000,
      "capex": -891000,
      "gross_margin": null,
      "op_margin": null,
      "fcf_margin": -0.26566426460919573,
      "rev_growth_yoy": 0.02491104150686099,
      "rev_growth_yoy_accel": -0.05148432799942705,
      "fcf_margin_change": -0.4745693462236288
    },
    {
      "date": "2025-03-31T00:00:00",
      "quarter_label": "2025-03 (Q1)",
      "revenue": 394867000,
      "gross_profit": null,
      "operating_income": null,
      "net_income": 41439000,
      "opex": null,
      "cogs": null,
      "rd": null,
      "sga": 87244000,
      "fcf": 185542000,
      "ocf": 186769000,
      "capex": -1227000,
      "gross_margin": null,
      "op_margin": null,
      "fcf_margin": 0.4698847966530503,
      "rev_growth_yoy": 0.0731277125984145,
      "rev_growth_yoy_accel": 0.048216671091553504,
      "fcf_margin_change": 0.735549061262246
    },
    {
      "date": "2025-06-30T00:00:00",
      "quarter_label": "2025-06 (Q2)",
      "revenue": 400141000,
      "gross_profit": null,
      "operating_income": null,
      "net_income": 35093000,
      "opex": null,
      "cogs": null,
      "rd": null,
      "sga": null,
      "fcf": 105246000,
      "ocf": 106223000,
      "capex": -977000,
      "gross_margin": null,
      "op_margin": null,
      "fcf_margin": 0.26302228464466276,
      "rev_growth_yoy": 0.05240995860226083,
      "rev_growth_yoy_accel": -0.020717753996153665,
      "fcf_margin_change": -0.2068625120083875
    },
    {
      "date": "2025-09-30T00:00:00",
      "quarter_label": "2025-09 (Q3)",
      "revenue": 400981000,
      "gross_profit": null,
      "operating_income": null,
      "net_income": 39830000,
      "opex": null,
      "cogs": null,
      "rd": null,
      "sga": null,
      "fcf": 61264000,
      "ocf": 62421000,
      "capex": -1157000,
      "gross_margin": null,
      "op_margin": null,
      "fcf_margin": 0.1527852940663024,
      "rev_growth_yoy": 0.03464549456333827,
      "rev_growth_yoy_accel": -0.01776446403892256,
      "fcf_margin_change": -0.11023699057836037
    }
  ],
  "signals": [
    {
      "quarter": "2025-03 (Q1)",
      "signal": "FCF TURNED POSITIVE",
      "detail": "FCF margin: -26.6% -> +47.0%",
      "severity": "HIGH"
    },
    {
      "quarter": "2024-12 (Q4)",
      "signal": "YoY REVENUE GROWTH DECELERATION",
      "detail": "YoY growth: +2.5% vs prior quarter YoY: +7.6% (decel: -5.1%)",
      "severity": "WARNING"
    },
    {
      "quarter": "2024-03 (Q1)",
      "signal": "FCF TURNED POSITIVE",
      "detail": "FCF margin: -0.2% -> +21.6%",
      "severity": "HIGH"
    },
    {
      "quarter": "2023-06 (Q2)",
      "signal": "FCF TURNED POSITIVE",
      "detail": "FCF margin: -16.1% -> +14.9%",
      "severity": "HIGH"
    },
    {
      "quarter": "2023-06 (Q2)",
      "signal": "YoY REVENUE GROWTH ACCELERATION",
      "detail": "YoY growth: +16.3% vs prior quarter YoY: +10.1% (accel: +6.2%)",
      "severity": "MEDIUM"
    },
    {
      "quarter": "2022-12 (Q4)",
      "signal": "FCF TURNED POSITIVE",
      "detail": "FCF margin: -0.9% -> +30.5%",
      "severity": "HIGH"
    },
    {
      "quarter": "2022-06 (Q2)",
      "signal": "FCF TURNED POSITIVE",
      "detail": "FCF margin: -10.2% -> +85.9%",
      "severity": "HIGH"
    },
    {
      "quarter": "2021-06 (Q2)",
      "signal": "FCF MARGIN EXPANSION",
      "detail": "FCF margin: +22.9% -> +69.5% (+46.6%)",
      "severity": "MEDIUM"
    },
    {
      "quarter": "2021-03 (Q1)",
      "signal": "FCF TURNED POSITIVE",
      "detail": "FCF margin: -53.8% -> +22.9%",
      "severity": "HIGH"
    }
  ],
  "data_quality": {
    "n_quarters": 20,
    "coverage": {
      "revenue": [
        20,
        20
      ],
      "gross_profit": [
        0,
        20
      ],
      "op_income": [
        0,
        20
      ],
      "fcf": [
        20,
        20
      ]
    },
    "gaps": [],
    "warnings": [
      "gross_profit: no data",
      "op_income: no data"
    ]
  },
  "market_cap": null,
  "source": "SEC EDGAR",
  "last_updated": "2026-02-02T22:07:40.816008"
}