{
  "ticker": "UWMC",
  "name": "UWM HOLDINGS CORPORATION",
  "quarters": [
    {
      "date": "2020-12-31T00:00:00",
      "quarter_label": "2020-12 (Q4)",
      "revenue": 1818289000,
      "gross_profit": null,
      "operating_income": -968003,
      "net_income": 3387390878,
      "opex": 445548000,
      "cogs": null,
      "rd": null,
      "sga": null,
      "fcf": -1387365000,
      "ocf": -1333746000,
      "capex": -53619000,
      "gross_margin": null,
      "op_margin": -0.0005323702667727738,
      "fcf_margin": -0.7630057708098108
    },
    {
      "date": "2021-03-31T00:00:00",
      "quarter_label": "2021-03 (Q1)",
      "revenue": 1189870000,
      "gross_profit": null,
      "operating_income": null,
      "net_income": 47985000,
      "opex": 316979000,
      "cogs": null,
      "rd": null,
      "sga": null,
      "fcf": 2627202000,
      "ocf": 2637017000,
      "capex": -9815000,
      "gross_margin": null,
      "op_margin": null,
      "fcf_margin": 2.2079739803507947,
      "fcf_margin_change": 2.9709797511606055
    },
    {
      "date": "2021-06-30T00:00:00",
      "quarter_label": "2021-06 (Q2)",
      "revenue": 484652000,
      "gross_profit": null,
      "operating_income": null,
      "net_income": 8264000,
      "opex": 344478000,
      "cogs": null,
      "rd": null,
      "sga": null,
      "fcf": -7005432000,
      "ocf": -6982974000,
      "capex": -22458000,
      "gross_margin": null,
      "op_margin": null,
      "fcf_margin": -14.454561210930729,
      "fcf_margin_change": -16.662535191281524
    },
    {
      "date": "2021-09-30T00:00:00",
      "quarter_label": "2021-09 (Q3)",
      "revenue": 690314000,
      "gross_profit": null,
      "operating_income": null,
      "net_income": 25246000,
      "opex": 356974000,
      "cogs": null,
      "rd": null,
      "sga": null,
      "fcf": 572100000,
      "ocf": 592098000,
      "capex": -19998000,
      "gross_margin": null,
      "op_margin": null,
      "fcf_margin": 0.8287532919801713,
      "op_leverage_ratio": 11.698078196144975,
      "fcf_margin_change": 15.2833145029109
    },
    {
      "date": "2021-12-31T00:00:00",
      "quarter_label": "2021-12 (Q4)",
      "revenue": 605457000,
      "gross_profit": null,
      "operating_income": null,
      "net_income": 16950000,
      "opex": 373621000,
      "cogs": null,
      "rd": null,
      "sga": null,
      "fcf": -6216217000,
      "ocf": -6203104000,
      "capex": -13113000,
      "gross_margin": null,
      "op_margin": null,
      "fcf_margin": -10.266983452169187,
      "rev_growth_yoy": -0.6670182792724368,
      "fcf_margin_change": -11.095736744149358
    },
    {
      "date": "2022-03-31T00:00:00",
      "quarter_label": "2022-03 (Q1)",
      "revenue": 821794000,
      "gross_profit": null,
      "operating_income": null,
      "net_income": 21930000,
      "opex": 364462000,
      "cogs": null,
      "rd": null,
      "sga": null,
      "fcf": 11745661000,
      "ocf": 11751763000,
      "capex": -6102000,
      "gross_margin": null,
      "op_margin": null,
      "fcf_margin": 14.292707174790763,
      "rev_growth_yoy": -0.3093413566187903,
      "rev_growth_yoy_accel": 0.35767692265364653,
      "op_leverage_ratio": Infinity,
      "fcf_margin_change": 24.55969062695995
    },
    {
      "date": "2022-06-30T00:00:00",
      "quarter_label": "2022-06 (Q2)",
      "revenue": 564225000,
      "gross_profit": null,
      "operating_income": null,
      "net_income": 8366000,
      "opex": 348011000,
      "cogs": null,
      "rd": null,
      "sga": null,
      "fcf": -400322000,
      "ocf": -391062000,
      "capex": -9260000,
      "gross_margin": null,
      "op_margin": null,
      "fcf_margin": -0.7095077318445655,
      "rev_growth_yoy": 0.16418584881523238,
      "rev_growth_yoy_accel": 0.4735272054340227,
      "fcf_margin_change": -15.002214906635329
    },
    {
      "date": "2022-09-30T00:00:00",
      "quarter_label": "2022-09 (Q3)",
      "revenue": 684173000,
      "gross_profit": null,
      "operating_income": null,
      "net_income": 11696000,
      "opex": 353792000,
      "cogs": null,
      "rd": null,
      "sga": null,
      "fcf": -553258000,
      "ocf": -547879000,
      "capex": -5379000,
      "gross_margin": null,
      "op_margin": null,
      "fcf_margin": -0.8086521976166847,
      "rev_growth_yoy": -0.008895951697343528,
      "rev_growth_yoy_accel": -0.1730818005125759,
      "op_leverage_ratio": 12.797663533113761,
      "fcf_margin_change": -0.09914446577211922
    },
    {
      "date": "2022-12-31T00:00:00",
      "quarter_label": "2022-12 (Q4)",
      "revenue": 302434000,
      "gross_profit": null,
      "operating_income": null,
      "net_income": -277000,
      "opex": 371692000,
      "cogs": null,
      "rd": null,
      "sga": null,
      "fcf": -2550514000,
      "ocf": -2544640000,
      "capex": -5874000,
      "gross_margin": null,
      "op_margin": null,
      "fcf_margin": -8.433291230483345,
      "rev_growth_yoy": -0.5004864094394813,
      "rev_growth_yoy_accel": -0.4915904577421378,
      "fcf_margin_change": -7.624639032866661
    },
    {
      "date": "2023-03-31T00:00:00",
      "quarter_label": "2023-03 (Q1)",
      "revenue": 161274000,
      "gross_profit": null,
      "operating_income": null,
      "net_income": -11941000,
      "opex": 300890000,
      "cogs": null,
      "rd": null,
      "sga": null,
      "fcf": 1984970000,
      "ocf": 1992922000,
      "capex": -7952000,
      "gross_margin": null,
      "op_margin": null,
      "fcf_margin": 12.308059575629054,
      "rev_growth_yoy": -0.8037537387715169,
      "rev_growth_yoy_accel": -0.3032673293320356,
      "fcf_margin_change": 20.7413508061124
    },
    {
      "date": "2023-06-30T00:00:00",
      "quarter_label": "2023-06 (Q2)",
      "revenue": 587520000,
      "gross_profit": null,
      "operating_income": null,
      "net_income": 7558000,
      "opex": 357516000,
      "cogs": null,
      "rd": null,
      "sga": null,
      "fcf": -1849648000,
      "ocf": -1844312000,
      "capex": -5336000,
      "gross_margin": null,
      "op_margin": null,
      "fcf_margin": -3.1482298474945534,
      "rev_growth_yoy": 0.04128672072311578,
      "rev_growth_yoy_accel": 0.8450404594946327,
      "op_leverage_ratio": 14.04390323763909,
      "fcf_margin_change": -15.456289423123607
    },
    {
      "date": "2023-09-30T00:00:00",
      "quarter_label": "2023-09 (Q3)",
      "revenue": 677116000,
      "gross_profit": null,
      "operating_income": null,
      "net_income": 18231000,
      "opex": 375389000,
      "cogs": null,
      "rd": null,
      "sga": null,
      "fcf": 339574000,
      "ocf": 345903000,
      "capex": -6329000,
      "gross_margin": null,
      "op_margin": null,
      "fcf_margin": 0.5015004814536947,
      "rev_growth_yoy": -0.010314642641554109,
      "rev_growth_yoy_accel": -0.05160136336466989,
      "op_leverage_ratio": 3.050450578317826,
      "fcf_margin_change": 3.649730328948248
    },
    {
      "date": "2023-12-31T00:00:00",
      "quarter_label": "2023-12 (Q4)",
      "revenue": -114583000,
      "gross_profit": null,
      "operating_income": null,
      "net_income": -27078000,
      "opex": 353825000,
      "cogs": null,
      "rd": null,
      "sga": null,
      "fcf": -336086000,
      "ocf": -329269000,
      "capex": -6817000,
      "gross_margin": null,
      "op_margin": null,
      "fcf_margin": 2.933122714538806,
      "rev_growth_yoy": -1.3788694392826204,
      "rev_growth_yoy_accel": -1.3685547966410663,
      "fcf_margin_change": 2.431622233085111
    },
    {
      "date": "2024-03-31T00:00:00",
      "quarter_label": "2024-03 (Q1)",
      "revenue": 569956000,
      "gross_profit": null,
      "operating_income": null,
      "net_income": 8730000,
      "opex": 385692000,
      "cogs": null,
      "rd": null,
      "sga": null,
      "fcf": -2209713000,
      "ocf": -2202740000,
      "capex": -6973000,
      "gross_margin": null,
      "op_margin": null,
      "fcf_margin": -3.8769887500087727,
      "rev_growth_yoy": 2.534084849386758,
      "rev_growth_yoy_accel": 3.9129542886693782,
      "fcf_margin_change": -6.810111464547578
    },
    {
      "date": "2024-06-30T00:00:00",
      "quarter_label": "2024-06 (Q2)",
      "revenue": 507094000,
      "gross_profit": null,
      "operating_income": null,
      "net_income": 3050000,
      "opex": 430022000,
      "cogs": null,
      "rd": null,
      "sga": null,
      "fcf": -1329103000,
      "ocf": -1317179000,
      "capex": -11924000,
      "gross_margin": null,
      "op_margin": null,
      "fcf_margin": -2.621018982673824,
      "rev_growth_yoy": -0.13689065904139433,
      "rev_growth_yoy_accel": -2.6709755084281523,
      "fcf_margin_change": 1.2559697673349488
    },
    {
      "date": "2024-09-30T00:00:00",
      "quarter_label": "2024-09 (Q3)",
      "revenue": 526434000,
      "gross_profit": null,
      "operating_income": null,
      "net_income": -6295000,
      "opex": 494145000,
      "cogs": null,
      "rd": null,
      "sga": null,
      "fcf": -2190583000,
      "ocf": -2178318000,
      "capex": -12265000,
      "gross_margin": null,
      "op_margin": null,
      "fcf_margin": -4.161173100521623,
      "rev_growth_yoy": -0.22253498661972246,
      "rev_growth_yoy_accel": -0.08564432757832813,
      "op_leverage_ratio": 0.25576719456843844,
      "fcf_margin_change": -1.5401541178477989
    },
    {
      "date": "2024-12-31T00:00:00",
      "quarter_label": "2024-12 (Q4)",
      "revenue": 560207000,
      "gross_profit": null,
      "operating_income": null,
      "net_income": 8919000,
      "opex": 517875000,
      "cogs": null,
      "rd": null,
      "sga": null,
      "fcf": -551551000,
      "ocf": -543258000,
      "capex": -8293000,
      "gross_margin": null,
      "op_margin": null,
      "fcf_margin": -0.9845485686540868,
      "op_leverage_ratio": 1.3359259207600682,
      "fcf_margin_change": 3.176624531867536
    },
    {
      "date": "2025-03-31T00:00:00",
      "quarter_label": "2025-03 (Q1)",
      "revenue": 613370000,
      "gross_profit": null,
      "operating_income": null,
      "net_income": -13679000,
      "opex": 485601000,
      "cogs": null,
      "rd": null,
      "sga": null,
      "fcf": 576134000,
      "ocf": 593898000,
      "capex": -17764000,
      "gross_margin": null,
      "op_margin": null,
      "fcf_margin": 0.9392927596719761,
      "rev_growth_yoy": 0.07617079213132241,
      "op_leverage_ratio": Infinity,
      "fcf_margin_change": 1.923841328326063
    },
    {
      "date": "2025-06-30T00:00:00",
      "quarter_label": "2025-06 (Q2)",
      "revenue": 758700000,
      "gross_profit": null,
      "operating_income": null,
      "net_income": 22909000,
      "opex": 526765000,
      "cogs": null,
      "rd": null,
      "sga": null,
      "fcf": -290067000,
      "ocf": -265876000,
      "capex": -24191000,
      "gross_margin": null,
      "op_margin": null,
      "fcf_margin": -0.3823210755239225,
      "rev_growth_yoy": 0.49617230730397127,
      "rev_growth_yoy_accel": 0.42000151517264883,
      "op_leverage_ratio": 2.7950832373224244,
      "fcf_margin_change": -1.3216138351958986
    },
    {
      "date": "2025-09-30T00:00:00",
      "quarter_label": "2025-09 (Q3)",
      "revenue": 843252000,
      "gross_profit": null,
      "operating_income": null,
      "net_income": -1262000,
      "opex": 550570000,
      "cogs": null,
      "rd": null,
      "sga": null,
      "fcf": -3089691000,
      "ocf": -3079336000,
      "capex": -10355000,
      "gross_margin": null,
      "op_margin": null,
      "fcf_margin": -3.664018585191615,
      "rev_growth_yoy": 0.6018190314455373,
      "rev_growth_yoy_accel": 0.105646724141566,
      "op_leverage_ratio": 2.4660536823467396,
      "fcf_margin_change": -3.281697509667693
    }
  ],
  "signals": [
    {
      "quarter": "2025-09 (Q3)",
      "signal": "OPERATING LEVERAGE",
      "detail": "Rev growth +11.1% vs OpEx growth +4.5% (leverage: 2.5x)",
      "severity": "MEDIUM"
    },
    {
      "quarter": "2025-09 (Q3)",
      "signal": "YoY REVENUE GROWTH ACCELERATION",
      "detail": "YoY growth: +60.2% vs prior quarter YoY: +49.6% (accel: +10.6%)",
      "severity": "MEDIUM"
    },
    {
      "quarter": "2025-06 (Q2)",
      "signal": "OPERATING LEVERAGE",
      "detail": "Rev growth +23.7% vs OpEx growth +8.5% (leverage: 2.8x)",
      "severity": "MEDIUM"
    },
    {
      "quarter": "2025-06 (Q2)",
      "signal": "YoY REVENUE GROWTH ACCELERATION",
      "detail": "YoY growth: +49.6% vs prior quarter YoY: +7.6% (accel: +42.0%)",
      "severity": "HIGH"
    },
    {
      "quarter": "2025-03 (Q1)",
      "signal": "FCF TURNED POSITIVE",
      "detail": "FCF margin: -98.5% -> +93.9%",
      "severity": "HIGH"
    },
    {
      "quarter": "2024-12 (Q4)",
      "signal": "FCF MARGIN EXPANSION",
      "detail": "FCF margin: -416.1% -> -98.5% (+317.7%)",
      "severity": "MEDIUM"
    },
    {
      "quarter": "2024-09 (Q3)",
      "signal": "YoY REVENUE GROWTH DECELERATION",
      "detail": "YoY growth: -22.3% vs prior quarter YoY: -13.7% (decel: -8.6%)",
      "severity": "WARNING"
    },
    {
      "quarter": "2024-06 (Q2)",
      "signal": "FCF MARGIN EXPANSION",
      "detail": "FCF margin: -387.7% -> -262.1% (+125.6%)",
      "severity": "MEDIUM"
    },
    {
      "quarter": "2024-06 (Q2)",
      "signal": "YoY REVENUE GROWTH DECELERATION",
      "detail": "YoY growth: -13.7% vs prior quarter YoY: +253.4% (decel: -267.1%)",
      "severity": "WARNING"
    },
    {
      "quarter": "2024-03 (Q1)",
      "signal": "YoY REVENUE GROWTH ACCELERATION",
      "detail": "YoY growth: +253.4% vs prior quarter YoY: -137.9% (accel: +391.3%)",
      "severity": "HIGH"
    },
    {
      "quarter": "2023-12 (Q4)",
      "signal": "FCF MARGIN EXPANSION",
      "detail": "FCF margin: +50.2% -> +293.3% (+243.2%)",
      "severity": "MEDIUM"
    },
    {
      "quarter": "2023-12 (Q4)",
      "signal": "YoY REVENUE GROWTH DECELERATION",
      "detail": "YoY growth: -137.9% vs prior quarter YoY: -1.0% (decel: -136.9%)",
      "severity": "WARNING"
    },
    {
      "quarter": "2023-09 (Q3)",
      "signal": "FCF TURNED POSITIVE",
      "detail": "FCF margin: -314.8% -> +50.2%",
      "severity": "HIGH"
    },
    {
      "quarter": "2023-09 (Q3)",
      "signal": "OPERATING LEVERAGE",
      "detail": "Rev growth +15.2% vs OpEx growth +5.0% (leverage: 3.1x)",
      "severity": "MEDIUM"
    },
    {
      "quarter": "2023-09 (Q3)",
      "signal": "YoY REVENUE GROWTH DECELERATION",
      "detail": "YoY growth: -1.0% vs prior quarter YoY: +4.1% (decel: -5.2%)",
      "severity": "WARNING"
    },
    {
      "quarter": "2023-06 (Q2)",
      "signal": "OPERATING LEVERAGE",
      "detail": "Rev growth +264.3% vs OpEx growth +18.8% (leverage: 14.0x)",
      "severity": "MEDIUM"
    },
    {
      "quarter": "2023-06 (Q2)",
      "signal": "YoY REVENUE GROWTH ACCELERATION",
      "detail": "YoY growth: +4.1% vs prior quarter YoY: -80.4% (accel: +84.5%)",
      "severity": "HIGH"
    },
    {
      "quarter": "2023-03 (Q1)",
      "signal": "FCF TURNED POSITIVE",
      "detail": "FCF margin: -843.3% -> +1230.8%",
      "severity": "HIGH"
    },
    {
      "quarter": "2023-03 (Q1)",
      "signal": "YoY REVENUE GROWTH DECELERATION",
      "detail": "YoY growth: -80.4% vs prior quarter YoY: -50.0% (decel: -30.3%)",
      "severity": "WARNING"
    },
    {
      "quarter": "2022-12 (Q4)",
      "signal": "YoY REVENUE GROWTH DECELERATION",
      "detail": "YoY growth: -50.0% vs prior quarter YoY: -0.9% (decel: -49.2%)",
      "severity": "WARNING"
    },
    {
      "quarter": "2022-09 (Q3)",
      "signal": "OPERATING LEVERAGE",
      "detail": "Rev growth +21.3% vs OpEx growth +1.7% (leverage: 12.8x)",
      "severity": "MEDIUM"
    },
    {
      "quarter": "2022-09 (Q3)",
      "signal": "YoY REVENUE GROWTH DECELERATION",
      "detail": "YoY growth: -0.9% vs prior quarter YoY: +16.4% (decel: -17.3%)",
      "severity": "WARNING"
    },
    {
      "quarter": "2022-06 (Q2)",
      "signal": "YoY REVENUE GROWTH ACCELERATION",
      "detail": "YoY growth: +16.4% vs prior quarter YoY: -30.9% (accel: +47.4%)",
      "severity": "HIGH"
    },
    {
      "quarter": "2022-03 (Q1)",
      "signal": "FCF TURNED POSITIVE",
      "detail": "FCF margin: -1026.7% -> +1429.3%",
      "severity": "HIGH"
    },
    {
      "quarter": "2022-03 (Q1)",
      "signal": "YoY REVENUE GROWTH ACCELERATION",
      "detail": "YoY growth: -30.9% vs prior quarter YoY: -66.7% (accel: +35.8%)",
      "severity": "HIGH"
    },
    {
      "quarter": "2021-09 (Q3)",
      "signal": "FCF TURNED POSITIVE",
      "detail": "FCF margin: -1445.5% -> +82.9%",
      "severity": "HIGH"
    },
    {
      "quarter": "2021-09 (Q3)",
      "signal": "OPERATING LEVERAGE",
      "detail": "Rev growth +42.4% vs OpEx growth +3.6% (leverage: 11.7x)",
      "severity": "MEDIUM"
    },
    {
      "quarter": "2021-03 (Q1)",
      "signal": "FCF TURNED POSITIVE",
      "detail": "FCF margin: -76.3% -> +220.8%",
      "severity": "HIGH"
    }
  ],
  "data_quality": {
    "n_quarters": 20,
    "coverage": {
      "revenue": [
        20,
        20
      ],
      "gross_profit": [
        0,
        20
      ],
      "op_income": [
        1,
        20
      ],
      "fcf": [
        20,
        20
      ]
    },
    "gaps": [],
    "warnings": [
      "gross_profit: no data",
      "op_income: 1/20Q"
    ]
  },
  "market_cap": null,
  "source": "SEC EDGAR",
  "last_updated": "2026-02-02T20:40:28.399025"
}