{
  "ticker": "UZD",
  "name": "ARRAY DIGITAL INFRASTRUCTURE, INC.",
  "quarters": [
    {
      "date": "2020-12-31T00:00:00",
      "quarter_label": "2020-12 (Q4)",
      "revenue": 1073000000,
      "gross_profit": null,
      "operating_income": 5000000,
      "net_income": 5000000,
      "opex": 1068000000,
      "cogs": null,
      "rd": null,
      "sga": 374000000,
      "fcf": 287000000,
      "ocf": 287000000,
      "capex": null,
      "gross_margin": null,
      "op_margin": 0.004659832246039142,
      "fcf_margin": 0.2674743709226468
    },
    {
      "date": "2021-03-31T00:00:00",
      "quarter_label": "2021-03 (Q1)",
      "revenue": 1023000000,
      "gross_profit": null,
      "operating_income": 84000000,
      "net_income": 60000000,
      "opex": 939000000,
      "cogs": null,
      "rd": null,
      "sga": 305000000,
      "fcf": 124000000,
      "ocf": 124000000,
      "capex": null,
      "gross_margin": null,
      "op_margin": 0.08211143695014662,
      "fcf_margin": 0.12121212121212122,
      "fcf_margin_change": -0.1462622497105256
    },
    {
      "date": "2021-06-30T00:00:00",
      "quarter_label": "2021-06 (Q2)",
      "revenue": 1014000000,
      "gross_profit": null,
      "operating_income": 36000000,
      "net_income": 35000000,
      "opex": 978000000,
      "cogs": null,
      "rd": null,
      "sga": 334000000,
      "fcf": 239000000,
      "ocf": 239000000,
      "capex": null,
      "gross_margin": null,
      "op_margin": 0.03550295857988166,
      "fcf_margin": 0.2357001972386588,
      "fcf_margin_change": 0.11448807602653757
    },
    {
      "date": "2021-09-30T00:00:00",
      "quarter_label": "2021-09 (Q3)",
      "revenue": 1016000000,
      "gross_profit": null,
      "operating_income": 45000000,
      "net_income": 34000000,
      "opex": 971000000,
      "cogs": null,
      "rd": null,
      "sga": 346000000,
      "fcf": 304000000,
      "ocf": 304000000,
      "capex": null,
      "gross_margin": null,
      "op_margin": 0.04429133858267716,
      "fcf_margin": 0.2992125984251969,
      "fcf_margin_change": 0.06351240118653809
    },
    {
      "date": "2021-12-31T00:00:00",
      "quarter_label": "2021-12 (Q4)",
      "revenue": 1069000000,
      "gross_profit": null,
      "operating_income": 5000000,
      "net_income": 27000000,
      "opex": 1064000000,
      "cogs": null,
      "rd": null,
      "sga": 361000000,
      "fcf": -133000000,
      "ocf": 135000000,
      "capex": -268000000,
      "gross_margin": null,
      "op_margin": 0.004677268475210477,
      "fcf_margin": -0.1244153414405987,
      "incr_op_margin_yoy": -0.0,
      "rev_growth_yoy": -0.003727865796831314,
      "op_leverage_ratio": 0.5446511726356786,
      "fcf_margin_change": -0.42362793986579556
    },
    {
      "date": "2022-03-31T00:00:00",
      "quarter_label": "2022-03 (Q1)",
      "revenue": 1010000000,
      "gross_profit": null,
      "operating_income": 71000000,
      "net_income": 49000000,
      "opex": 939000000,
      "cogs": null,
      "rd": null,
      "sga": 325000000,
      "fcf": 161000000,
      "ocf": 311000000,
      "capex": -150000000,
      "gross_margin": null,
      "op_margin": 0.0702970297029703,
      "fcf_margin": 0.1594059405940594,
      "incr_op_margin_yoy": 1.0,
      "rev_growth_yoy": -0.01270772238514174,
      "rev_growth_yoy_accel": -0.008979856588310426,
      "fcf_margin_change": 0.2838212820346581
    },
    {
      "date": "2022-06-30T00:00:00",
      "quarter_label": "2022-06 (Q2)",
      "revenue": 1027000000,
      "gross_profit": null,
      "operating_income": 40000000,
      "net_income": 21000000,
      "opex": 987000000,
      "cogs": null,
      "rd": null,
      "sga": 339000000,
      "fcf": 129000000,
      "ocf": 267000000,
      "capex": -138000000,
      "gross_margin": null,
      "op_margin": 0.03894839337877313,
      "fcf_margin": 0.12560856864654332,
      "incr_op_margin_yoy": 0.3076923076923077,
      "rev_growth_yoy": 0.01282051282051282,
      "rev_growth_yoy_accel": 0.02552823520565456,
      "op_leverage_ratio": 0.32926980198019806,
      "fcf_margin_change": -0.033797371947516086
    },
    {
      "date": "2022-09-30T00:00:00",
      "quarter_label": "2022-09 (Q3)",
      "revenue": 1083000000,
      "gross_profit": null,
      "operating_income": -15000000,
      "net_income": -12000000,
      "opex": 1098000000,
      "cogs": null,
      "rd": null,
      "sga": 369000000,
      "fcf": -47000000,
      "ocf": 74000000,
      "capex": -121000000,
      "gross_margin": null,
      "op_margin": -0.013850415512465374,
      "fcf_margin": -0.04339796860572484,
      "incr_op_margin_yoy": -0.8955223880597015,
      "rev_growth_yoy": 0.06594488188976377,
      "rev_growth_yoy_accel": 0.05312436906925096,
      "op_leverage_ratio": 0.4848548646017,
      "fcf_margin_change": -0.16900653725226816
    },
    {
      "date": "2022-12-31T00:00:00",
      "quarter_label": "2022-12 (Q4)",
      "revenue": 1049000000,
      "gross_profit": null,
      "operating_income": -27000000,
      "net_income": -28000000,
      "opex": 1076000000,
      "cogs": null,
      "rd": null,
      "sga": 376000000,
      "fcf": -13000000,
      "ocf": 180000000,
      "capex": -193000000,
      "gross_margin": null,
      "op_margin": -0.025738798856053385,
      "fcf_margin": -0.012392755004766444,
      "incr_op_margin_yoy": 1.6,
      "rev_growth_yoy": -0.018709073900841908,
      "rev_growth_yoy_accel": -0.08465395579060568,
      "fcf_margin_change": 0.031005213600958398
    },
    {
      "date": "2023-03-31T00:00:00",
      "quarter_label": "2023-03 (Q1)",
      "revenue": 986000000,
      "gross_profit": null,
      "operating_income": 26000000,
      "net_income": 13000000,
      "opex": 960000000,
      "cogs": null,
      "rd": null,
      "sga": 345000000,
      "fcf": -155000000,
      "ocf": 41000000,
      "capex": -196000000,
      "gross_margin": null,
      "op_margin": 0.02636916835699797,
      "fcf_margin": -0.15720081135902636,
      "incr_op_margin_yoy": 1.875,
      "rev_growth_yoy": -0.023762376237623763,
      "rev_growth_yoy_accel": -0.005053302336781855,
      "fcf_margin_change": -0.14480805635425992
    },
    {
      "date": "2023-06-30T00:00:00",
      "quarter_label": "2023-06 (Q2)",
      "revenue": 957000000,
      "gross_profit": null,
      "operating_income": 34000000,
      "net_income": 5000000,
      "opex": 923000000,
      "cogs": null,
      "rd": null,
      "sga": 341000000,
      "fcf": 194000000,
      "ocf": 349000000,
      "capex": -155000000,
      "gross_margin": null,
      "op_margin": 0.035527690700104496,
      "fcf_margin": 0.2027168234064786,
      "incr_op_margin_yoy": 0.08571428571428572,
      "rev_growth_yoy": -0.06815968841285297,
      "rev_growth_yoy_accel": -0.04439731217522921,
      "fcf_margin_change": 0.359917634765505
    },
    {
      "date": "2023-09-30T00:00:00",
      "quarter_label": "2023-09 (Q3)",
      "revenue": 963000000,
      "gross_profit": null,
      "operating_income": 57000000,
      "net_income": 23000000,
      "opex": 906000000,
      "cogs": null,
      "rd": null,
      "sga": 333000000,
      "fcf": 226000000,
      "ocf": 329000000,
      "capex": -103000000,
      "gross_margin": null,
      "op_margin": 0.059190031152647975,
      "fcf_margin": 0.23468328141225336,
      "incr_op_margin_yoy": -0.6,
      "rev_growth_yoy": -0.11080332409972299,
      "rev_growth_yoy_accel": -0.04264363568687002,
      "fcf_margin_change": 0.03196645800577477
    },
    {
      "date": "2023-12-31T00:00:00",
      "quarter_label": "2023-12 (Q4)",
      "revenue": 1000000000,
      "gross_profit": null,
      "operating_income": 22000000,
      "net_income": 14000000,
      "opex": 978000000,
      "cogs": null,
      "rd": null,
      "sga": 348000000,
      "fcf": -7000000,
      "ocf": 147000000,
      "capex": -154000000,
      "gross_margin": null,
      "op_margin": 0.022,
      "fcf_margin": -0.007,
      "incr_op_margin_yoy": -1.0,
      "rev_growth_yoy": -0.04671115347950429,
      "rev_growth_yoy_accel": 0.0640921706202187,
      "op_leverage_ratio": 0.4834717895465559,
      "fcf_margin_change": -0.24168328141225337
    },
    {
      "date": "2024-03-31T00:00:00",
      "quarter_label": "2024-03 (Q1)",
      "revenue": 950000000,
      "gross_profit": null,
      "operating_income": 51000000,
      "net_income": 18000000,
      "opex": 899000000,
      "cogs": null,
      "rd": null,
      "sga": 331000000,
      "fcf": 70000000,
      "ocf": 203000000,
      "capex": -133000000,
      "gross_margin": null,
      "op_margin": 0.05368421052631579,
      "fcf_margin": 0.07368421052631578,
      "incr_op_margin_yoy": -0.6944444444444444,
      "rev_growth_yoy": -0.036511156186612576,
      "rev_growth_yoy_accel": 0.010199997292891713,
      "fcf_margin_change": 0.08068421052631579
    },
    {
      "date": "2024-06-30T00:00:00",
      "quarter_label": "2024-06 (Q2)",
      "revenue": 927000000,
      "gross_profit": null,
      "operating_income": 36000000,
      "net_income": 17000000,
      "opex": 891000000,
      "cogs": null,
      "rd": null,
      "sga": 322000000,
      "fcf": 176000000,
      "ocf": 313000000,
      "capex": -137000000,
      "gross_margin": null,
      "op_margin": 0.038834951456310676,
      "fcf_margin": 0.18985976267529667,
      "incr_op_margin_yoy": -0.06666666666666667,
      "rev_growth_yoy": -0.03134796238244514,
      "rev_growth_yoy_accel": 0.0051631938041674375,
      "fcf_margin_change": 0.11617555214898088
    },
    {
      "date": "2024-09-30T00:00:00",
      "quarter_label": "2024-09 (Q3)",
      "revenue": 922000000,
      "gross_profit": 903737000,
      "operating_income": -90000000,
      "net_income": -79000000,
      "opex": 1012000000,
      "cogs": 18263000,
      "rd": null,
      "sga": 324000000,
      "fcf": 502110000,
      "ocf": 245481000,
      "capex": 256629000,
      "gross_margin": 0.9801919739696312,
      "op_margin": -0.09761388286334056,
      "fcf_margin": 0.544587852494577,
      "incr_op_margin_yoy": 3.5853658536585367,
      "rev_growth_yoy": -0.04257528556593977,
      "rev_growth_yoy_accel": -0.011227323183494634,
      "fcf_margin_change": 0.3547280898192803
    },
    {
      "date": "2024-12-31T00:00:00",
      "quarter_label": "2024-12 (Q4)",
      "revenue": 971000000,
      "gross_profit": null,
      "operating_income": -9000000,
      "net_income": 5000000,
      "opex": 980000000,
      "cogs": null,
      "rd": null,
      "sga": 353000000,
      "fcf": -402110000,
      "ocf": 121519000,
      "capex": -523629000,
      "gross_margin": null,
      "op_margin": -0.009268795056642637,
      "fcf_margin": -0.41411946446961895,
      "incr_op_margin_yoy": 1.0689655172413792,
      "rev_growth_yoy": -0.029,
      "rev_growth_yoy_accel": 0.01357528556593977,
      "op_leverage_ratio": Infinity,
      "fcf_margin_change": -0.958707316964196
    },
    {
      "date": "2025-03-31T00:00:00",
      "quarter_label": "2025-03 (Q1)",
      "revenue": 891000000,
      "gross_profit": null,
      "operating_income": 41000000,
      "net_income": 18000000,
      "opex": 850000000,
      "cogs": null,
      "rd": null,
      "sga": 332000000,
      "fcf": 88000000,
      "ocf": 160000000,
      "capex": -72000000,
      "gross_margin": null,
      "op_margin": 0.04601571268237935,
      "fcf_margin": 0.09876543209876543,
      "incr_op_margin_yoy": 0.1694915254237288,
      "rev_growth_yoy": -0.06210526315789474,
      "rev_growth_yoy_accel": -0.033105263157894735,
      "fcf_margin_change": 0.5128848965683843
    },
    {
      "date": "2025-06-30T00:00:00",
      "quarter_label": "2025-06 (Q2)",
      "revenue": 916000000,
      "gross_profit": null,
      "operating_income": 35000000,
      "net_income": 31000000,
      "opex": 881000000,
      "cogs": null,
      "rd": null,
      "sga": 328000000,
      "fcf": 250000000,
      "ocf": 325000000,
      "capex": -75000000,
      "gross_margin": null,
      "op_margin": 0.03820960698689956,
      "fcf_margin": 0.27292576419213976,
      "incr_op_margin_yoy": 0.09090909090909091,
      "rev_growth_yoy": -0.011866235167206042,
      "rev_growth_yoy_accel": 0.050239027990688696,
      "op_leverage_ratio": 0.7693421671916296,
      "fcf_margin_change": 0.17416033209337434
    },
    {
      "date": "2025-09-30T00:00:00",
      "quarter_label": "2025-09 (Q3)",
      "revenue": 47119000,
      "gross_profit": 26143000,
      "operating_income": -53313000,
      "net_income": -38465000,
      "opex": 100432000,
      "cogs": 20976000,
      "rd": null,
      "sga": 20525000,
      "fcf": 46301000,
      "ocf": -82102000,
      "capex": 128403000,
      "gross_margin": 0.5548292620811138,
      "op_margin": -1.1314544026825697,
      "fcf_margin": 0.9826396994842844,
      "incr_op_margin_yoy": -0.04193370298360577,
      "rev_growth_yoy": -0.9488947939262473,
      "rev_growth_yoy_accel": -0.9370285587590412,
      "fcf_margin_change": 0.7097139352921447
    }
  ],
  "signals": [
    {
      "quarter": "2025-09 (Q3)",
      "signal": "FCF MARGIN EXPANSION",
      "detail": "FCF margin: +27.3% -> +98.3% (+71.0%)",
      "severity": "MEDIUM"
    },
    {
      "quarter": "2025-09 (Q3)",
      "signal": "YoY REVENUE GROWTH DECELERATION",
      "detail": "YoY growth: -94.9% vs prior quarter YoY: -1.2% (decel: -93.7%)",
      "severity": "WARNING"
    },
    {
      "quarter": "2025-06 (Q2)",
      "signal": "FCF MARGIN EXPANSION",
      "detail": "FCF margin: +9.9% -> +27.3% (+17.4%)",
      "severity": "MEDIUM"
    },
    {
      "quarter": "2025-06 (Q2)",
      "signal": "YoY REVENUE GROWTH ACCELERATION",
      "detail": "YoY growth: -1.2% vs prior quarter YoY: -6.2% (accel: +5.0%)",
      "severity": "MEDIUM"
    },
    {
      "quarter": "2025-03 (Q1)",
      "signal": "FCF TURNED POSITIVE",
      "detail": "FCF margin: -41.4% -> +9.9%",
      "severity": "HIGH"
    },
    {
      "quarter": "2025-03 (Q1)",
      "signal": "INCREMENTAL MARGIN (YoY)",
      "detail": "YoY Incr OPM: +16.9% vs year-ago OPM: +5.4%",
      "severity": "MEDIUM"
    },
    {
      "quarter": "2025-03 (Q1)",
      "signal": "OP MARGIN TURNED POSITIVE (QoQ)",
      "detail": "Op margin: -0.9% -> +4.6%",
      "severity": "HIGH"
    },
    {
      "quarter": "2024-09 (Q3)",
      "signal": "FCF MARGIN EXPANSION",
      "detail": "FCF margin: +19.0% -> +54.5% (+35.5%)",
      "severity": "MEDIUM"
    },
    {
      "quarter": "2024-06 (Q2)",
      "signal": "FCF MARGIN EXPANSION",
      "detail": "FCF margin: +7.4% -> +19.0% (+11.6%)",
      "severity": "MEDIUM"
    },
    {
      "quarter": "2024-03 (Q1)",
      "signal": "FCF TURNED POSITIVE",
      "detail": "FCF margin: -0.7% -> +7.4%",
      "severity": "HIGH"
    },
    {
      "quarter": "2023-12 (Q4)",
      "signal": "YoY REVENUE GROWTH ACCELERATION",
      "detail": "YoY growth: -4.7% vs prior quarter YoY: -11.1% (accel: +6.4%)",
      "severity": "MEDIUM"
    },
    {
      "quarter": "2023-12 (Q4)",
      "signal": "OP MARGIN TURNED POSITIVE (YoY)",
      "detail": "Op margin: -2.6% (year-ago) -> +2.2%",
      "severity": "HIGH"
    },
    {
      "quarter": "2023-09 (Q3)",
      "signal": "OP MARGIN TURNED POSITIVE (YoY)",
      "detail": "Op margin: -1.4% (year-ago) -> +5.9%",
      "severity": "HIGH"
    },
    {
      "quarter": "2023-06 (Q2)",
      "signal": "FCF TURNED POSITIVE",
      "detail": "FCF margin: -15.7% -> +20.3%",
      "severity": "HIGH"
    },
    {
      "quarter": "2023-03 (Q1)",
      "signal": "INCREMENTAL MARGIN (YoY)",
      "detail": "YoY Incr OPM: +187.5% vs year-ago OPM: +7.0%",
      "severity": "HIGH"
    },
    {
      "quarter": "2023-03 (Q1)",
      "signal": "OP MARGIN TURNED POSITIVE (QoQ)",
      "detail": "Op margin: -2.6% -> +2.6%",
      "severity": "HIGH"
    },
    {
      "quarter": "2022-12 (Q4)",
      "signal": "YoY REVENUE GROWTH DECELERATION",
      "detail": "YoY growth: -1.9% vs prior quarter YoY: +6.6% (decel: -8.5%)",
      "severity": "WARNING"
    },
    {
      "quarter": "2022-09 (Q3)",
      "signal": "YoY REVENUE GROWTH ACCELERATION",
      "detail": "YoY growth: +6.6% vs prior quarter YoY: +1.3% (accel: +5.3%)",
      "severity": "MEDIUM"
    },
    {
      "quarter": "2022-06 (Q2)",
      "signal": "INCREMENTAL MARGIN (YoY)",
      "detail": "YoY Incr OPM: +30.8% vs year-ago OPM: +3.6%",
      "severity": "HIGH"
    },
    {
      "quarter": "2022-03 (Q1)",
      "signal": "FCF TURNED POSITIVE",
      "detail": "FCF margin: -12.4% -> +15.9%",
      "severity": "HIGH"
    },
    {
      "quarter": "2022-03 (Q1)",
      "signal": "INCREMENTAL MARGIN (YoY)",
      "detail": "YoY Incr OPM: +100.0% vs year-ago OPM: +8.2%",
      "severity": "HIGH"
    },
    {
      "quarter": "2021-09 (Q3)",
      "signal": "FCF MARGIN EXPANSION",
      "detail": "FCF margin: +23.6% -> +29.9% (+6.4%)",
      "severity": "MEDIUM"
    },
    {
      "quarter": "2021-06 (Q2)",
      "signal": "FCF MARGIN EXPANSION",
      "detail": "FCF margin: +12.1% -> +23.6% (+11.4%)",
      "severity": "MEDIUM"
    }
  ],
  "data_quality": {
    "n_quarters": 20,
    "coverage": {
      "revenue": [
        20,
        20
      ],
      "gross_profit": [
        2,
        20
      ],
      "op_income": [
        20,
        20
      ],
      "fcf": [
        20,
        20
      ]
    },
    "gaps": [],
    "warnings": [
      "gross_profit: 2/20Q"
    ]
  },
  "market_cap": null,
  "source": "SEC EDGAR",
  "last_updated": "2026-02-03T01:07:19.903038"
}