{
  "ticker": "V",
  "name": "VISA INC.",
  "quarters": [
    {
      "date": "2021-03-31T00:00:00",
      "quarter_label": "2021-03 (Q1)",
      "revenue": 5729000000,
      "gross_profit": null,
      "operating_income": 3581000000,
      "net_income": 3026000000,
      "opex": 2148000000,
      "cogs": null,
      "rd": null,
      "sga": null,
      "fcf": 3329000000,
      "ocf": 3329000000,
      "capex": null,
      "gross_margin": null,
      "op_margin": 0.6250654564496422,
      "fcf_margin": 0.5810787222901029
    },
    {
      "date": "2021-06-30T00:00:00",
      "quarter_label": "2021-06 (Q2)",
      "revenue": 6130000000,
      "gross_profit": null,
      "operating_income": 4064000000,
      "net_income": 2575000000,
      "opex": 2066000000,
      "cogs": null,
      "rd": null,
      "sga": null,
      "fcf": 4414000000,
      "ocf": 4414000000,
      "capex": null,
      "gross_margin": null,
      "op_margin": 0.6629690048939642,
      "fcf_margin": 0.7200652528548124,
      "op_leverage_ratio": Infinity,
      "fcf_margin_change": 0.13898653056470944
    },
    {
      "date": "2021-09-30T00:00:00",
      "quarter_label": "2021-09 (Q3)",
      "revenue": 6559000000,
      "gross_profit": null,
      "operating_income": 4315000000,
      "net_income": 3584000000,
      "opex": 2244000000,
      "cogs": null,
      "rd": null,
      "sga": null,
      "fcf": 3971000000,
      "ocf": 3971000000,
      "capex": null,
      "gross_margin": null,
      "op_margin": 0.6578746760176857,
      "fcf_margin": 0.6054276566549779,
      "op_leverage_ratio": 0.812282566856682,
      "fcf_margin_change": -0.11463759619983449
    },
    {
      "date": "2021-12-31T00:00:00",
      "quarter_label": "2021-12 (Q4)",
      "revenue": 7059000000,
      "gross_profit": null,
      "operating_income": 4776000000,
      "net_income": 3959000000,
      "opex": 2283000000,
      "cogs": null,
      "rd": null,
      "sga": null,
      "fcf": 4232000000,
      "ocf": 4232000000,
      "capex": null,
      "gross_margin": null,
      "op_margin": 0.6765830854228644,
      "fcf_margin": 0.599518345374699,
      "op_leverage_ratio": 4.3862221023373635,
      "fcf_margin_change": -0.005909311280278939
    },
    {
      "date": "2022-03-31T00:00:00",
      "quarter_label": "2022-03 (Q1)",
      "revenue": 7189000000,
      "gross_profit": null,
      "operating_income": 4802000000,
      "net_income": 3647000000,
      "opex": 2387000000,
      "cogs": null,
      "rd": null,
      "sga": null,
      "fcf": 3489000000,
      "ocf": 3489000000,
      "capex": null,
      "gross_margin": null,
      "op_margin": 0.667964946445959,
      "fcf_margin": 0.48532480178049797,
      "incr_op_margin_yoy": 0.8363013698630137,
      "rev_growth_yoy": 0.2548437772735207,
      "op_leverage_ratio": 0.4042711432214195,
      "fcf_margin_change": -0.11419354359420097
    },
    {
      "date": "2022-06-30T00:00:00",
      "quarter_label": "2022-06 (Q2)",
      "revenue": 7275000000,
      "gross_profit": null,
      "operating_income": 4148000000,
      "net_income": 3411000000,
      "opex": 3127000000,
      "cogs": null,
      "rd": null,
      "sga": null,
      "fcf": 5252000000,
      "ocf": 5252000000,
      "capex": null,
      "gross_margin": null,
      "op_margin": 0.5701718213058419,
      "fcf_margin": 0.7219243986254296,
      "incr_op_margin_yoy": 0.07336244541484715,
      "rev_growth_yoy": 0.1867862969004894,
      "rev_growth_yoy_accel": -0.0680574803730313,
      "op_leverage_ratio": 0.03858785757519934,
      "fcf_margin_change": 0.2365995968449316
    },
    {
      "date": "2022-09-30T00:00:00",
      "quarter_label": "2022-09 (Q3)",
      "revenue": 7787000000,
      "gross_profit": null,
      "operating_income": 5087000000,
      "net_income": 3940000000,
      "opex": 2700000000,
      "cogs": null,
      "rd": null,
      "sga": null,
      "fcf": 5876000000,
      "ocf": 5876000000,
      "capex": null,
      "gross_margin": null,
      "op_margin": 0.6532682676255297,
      "fcf_margin": 0.7545909849749582,
      "incr_op_margin_yoy": 0.6286644951140065,
      "rev_growth_yoy": 0.18722366214361946,
      "rev_growth_yoy_accel": 0.00043736524313006675,
      "op_leverage_ratio": Infinity,
      "fcf_margin_change": 0.03266658634952868
    },
    {
      "date": "2022-12-31T00:00:00",
      "quarter_label": "2022-12 (Q4)",
      "revenue": 7936000000,
      "gross_profit": null,
      "operating_income": 5090000000,
      "net_income": 4179000000,
      "opex": 2846000000,
      "cogs": null,
      "rd": null,
      "sga": null,
      "fcf": 4171000000,
      "ocf": 4171000000,
      "capex": null,
      "gross_margin": null,
      "op_margin": 0.6413810483870968,
      "fcf_margin": 0.5255796370967742,
      "incr_op_margin_yoy": 0.3580387685290764,
      "rev_growth_yoy": 0.1242385607026491,
      "rev_growth_yoy_accel": -0.06298510144097036,
      "op_leverage_ratio": 0.35385635701230184,
      "fcf_margin_change": -0.229011347878184
    },
    {
      "date": "2023-03-31T00:00:00",
      "quarter_label": "2023-03 (Q1)",
      "revenue": 7985000000,
      "gross_profit": null,
      "operating_income": 5336000000,
      "net_income": 4257000000,
      "opex": 2649000000,
      "cogs": null,
      "rd": null,
      "sga": null,
      "fcf": 3860000000,
      "ocf": 3860000000,
      "capex": null,
      "gross_margin": null,
      "op_margin": 0.6682529743268628,
      "fcf_margin": 0.4834063869755792,
      "incr_op_margin_yoy": 0.6708542713567839,
      "rev_growth_yoy": 0.11072471831965502,
      "rev_growth_yoy_accel": -0.013513842382994079,
      "fcf_margin_change": -0.04217325012119505
    },
    {
      "date": "2023-06-30T00:00:00",
      "quarter_label": "2023-06 (Q2)",
      "revenue": 8123000000,
      "gross_profit": null,
      "operating_income": 5024000000,
      "net_income": 4156000000,
      "opex": 3099000000,
      "cogs": null,
      "rd": null,
      "sga": null,
      "fcf": 5797000000,
      "ocf": 5797000000,
      "capex": null,
      "gross_margin": null,
      "op_margin": 0.6184907054044072,
      "fcf_margin": 0.7136525914071156,
      "incr_op_margin_yoy": 1.0330188679245282,
      "rev_growth_yoy": 0.1165635738831615,
      "rev_growth_yoy_accel": 0.0058388555635064815,
      "op_leverage_ratio": 0.10173575453976205,
      "fcf_margin_change": 0.23024620443153637
    },
    {
      "date": "2023-09-30T00:00:00",
      "quarter_label": "2023-09 (Q3)",
      "revenue": 8609000000,
      "gross_profit": null,
      "operating_income": 5550000000,
      "net_income": 4681000000,
      "opex": 3059000000,
      "cogs": null,
      "rd": null,
      "sga": null,
      "fcf": 6927000000,
      "ocf": 6927000000,
      "capex": null,
      "gross_margin": null,
      "op_margin": 0.6446741781856197,
      "fcf_margin": 0.8046230688814032,
      "incr_op_margin_yoy": 0.5632603406326034,
      "rev_growth_yoy": 0.1055605496340054,
      "rev_growth_yoy_accel": -0.011003024249156113,
      "op_leverage_ratio": Infinity,
      "fcf_margin_change": 0.09097047747428766
    },
    {
      "date": "2023-12-31T00:00:00",
      "quarter_label": "2023-12 (Q4)",
      "revenue": 8634000000,
      "gross_profit": null,
      "operating_income": 5954000000,
      "net_income": 4890000000,
      "opex": 2680000000,
      "cogs": null,
      "rd": null,
      "sga": null,
      "fcf": 3614000000,
      "ocf": 3614000000,
      "capex": null,
      "gross_margin": null,
      "op_margin": 0.6895992587444985,
      "fcf_margin": 0.41857771600648597,
      "incr_op_margin_yoy": 1.2378223495702005,
      "rev_growth_yoy": 0.08795362903225806,
      "rev_growth_yoy_accel": -0.01760692060174733,
      "fcf_margin_change": -0.38604535287491726
    },
    {
      "date": "2024-03-31T00:00:00",
      "quarter_label": "2024-03 (Q1)",
      "revenue": 8775000000,
      "gross_profit": null,
      "operating_income": 5354000000,
      "net_income": 4663000000,
      "opex": 3421000000,
      "cogs": null,
      "rd": null,
      "sga": null,
      "fcf": 4538000000,
      "ocf": 4538000000,
      "capex": null,
      "gross_margin": null,
      "op_margin": 0.6101424501424502,
      "fcf_margin": 0.5171509971509971,
      "incr_op_margin_yoy": 0.02278481012658228,
      "rev_growth_yoy": 0.09893550407013149,
      "rev_growth_yoy_accel": 0.010981875037873429,
      "op_leverage_ratio": 0.059064108659953735,
      "fcf_margin_change": 0.09857328114451114
    },
    {
      "date": "2024-06-30T00:00:00",
      "quarter_label": "2024-06 (Q2)",
      "revenue": 8900000000,
      "gross_profit": null,
      "operating_income": 5938000000,
      "net_income": 4872000000,
      "opex": 2962000000,
      "cogs": null,
      "rd": null,
      "sga": null,
      "fcf": 5134000000,
      "ocf": 5134000000,
      "capex": null,
      "gross_margin": null,
      "op_margin": 0.667191011235955,
      "fcf_margin": 0.5768539325842696,
      "incr_op_margin_yoy": 1.1763191763191763,
      "rev_growth_yoy": 0.09565431490828512,
      "rev_growth_yoy_accel": -0.0032811891618463734,
      "op_leverage_ratio": Infinity,
      "fcf_margin_change": 0.05970293543327254
    },
    {
      "date": "2024-09-30T00:00:00",
      "quarter_label": "2024-09 (Q3)",
      "revenue": 9617000000,
      "gross_profit": null,
      "operating_income": 6349000000,
      "net_income": 5318000000,
      "opex": 3268000000,
      "cogs": null,
      "rd": null,
      "sga": null,
      "fcf": 6664000000,
      "ocf": 6664000000,
      "capex": null,
      "gross_margin": null,
      "op_margin": 0.660185088905064,
      "fcf_margin": 0.6929395861495269,
      "incr_op_margin_yoy": 0.7926587301587301,
      "rev_growth_yoy": 0.1170867696596585,
      "rev_growth_yoy_accel": 0.021432454751373384,
      "op_leverage_ratio": 0.7798171403392817,
      "fcf_margin_change": 0.11608565356525724
    },
    {
      "date": "2024-12-31T00:00:00",
      "quarter_label": "2024-12 (Q4)",
      "revenue": 9510000000,
      "gross_profit": null,
      "operating_income": 6234000000,
      "net_income": 5119000000,
      "opex": 3276000000,
      "cogs": null,
      "rd": null,
      "sga": null,
      "fcf": 5396000000,
      "ocf": 5396000000,
      "capex": null,
      "gross_margin": null,
      "op_margin": 0.6555205047318612,
      "fcf_margin": 0.5674027339642481,
      "incr_op_margin_yoy": 0.319634703196347,
      "rev_growth_yoy": 0.1014593467685893,
      "rev_growth_yoy_accel": -0.015627422891069206,
      "fcf_margin_change": -0.12553685218527877
    },
    {
      "date": "2025-03-31T00:00:00",
      "quarter_label": "2025-03 (Q1)",
      "revenue": 9594000000,
      "gross_profit": null,
      "operating_income": 5435000000,
      "net_income": 4577000000,
      "opex": 4159000000,
      "cogs": null,
      "rd": null,
      "sga": null,
      "fcf": 4695000000,
      "ocf": 4695000000,
      "capex": null,
      "gross_margin": null,
      "op_margin": 0.5664998957681885,
      "fcf_margin": 0.4893683552220138,
      "incr_op_margin_yoy": 0.0989010989010989,
      "rev_growth_yoy": 0.09333333333333334,
      "rev_growth_yoy_accel": -0.008126013435255958,
      "fcf_margin_change": -0.07803437874223434
    },
    {
      "date": "2025-06-30T00:00:00",
      "quarter_label": "2025-06 (Q2)",
      "revenue": 10172000000,
      "gross_profit": null,
      "operating_income": 6177000000,
      "net_income": 5272000000,
      "opex": 3995000000,
      "cogs": null,
      "rd": null,
      "sga": null,
      "fcf": 6730000000,
      "ocf": 6730000000,
      "capex": null,
      "gross_margin": null,
      "op_margin": 0.6072552103814393,
      "fcf_margin": 0.6616201337003539,
      "incr_op_margin_yoy": 0.1878930817610063,
      "rev_growth_yoy": 0.14292134831460673,
      "rev_growth_yoy_accel": 0.049588014981273396,
      "op_leverage_ratio": Infinity,
      "fcf_margin_change": 0.1722517784783401
    },
    {
      "date": "2025-09-30T00:00:00",
      "quarter_label": "2025-09 (Q3)",
      "revenue": 10724000000,
      "gross_profit": null,
      "operating_income": 6148000000,
      "net_income": 5090000000,
      "opex": 4576000000,
      "cogs": null,
      "rd": null,
      "sga": null,
      "fcf": 6238000000,
      "ocf": 6238000000,
      "capex": null,
      "gross_margin": null,
      "op_margin": 0.5732935471838866,
      "fcf_margin": 0.5816859380828049,
      "incr_op_margin_yoy": -0.18157181571815717,
      "rev_growth_yoy": 0.11510866174482687,
      "rev_growth_yoy_accel": -0.027812686569779865,
      "op_leverage_ratio": 0.3731413491728839,
      "fcf_margin_change": -0.079934195617549
    },
    {
      "date": "2025-12-31T00:00:00",
      "quarter_label": "2025-12 (Q4)",
      "revenue": 10901000000,
      "gross_profit": null,
      "operating_income": 6737000000,
      "net_income": 5853000000,
      "opex": 4164000000,
      "cogs": null,
      "rd": null,
      "sga": null,
      "fcf": 6780000000,
      "ocf": 6780000000,
      "capex": null,
      "gross_margin": null,
      "op_margin": 0.6180166957159894,
      "fcf_margin": 0.6219612879552334,
      "incr_op_margin_yoy": 0.3616103522645579,
      "rev_growth_yoy": 0.146267087276551,
      "rev_growth_yoy_accel": 0.031158425531724127,
      "op_leverage_ratio": Infinity,
      "fcf_margin_change": 0.040275349872428534
    }
  ],
  "signals": [
    {
      "quarter": "2025-06 (Q2)",
      "signal": "FCF MARGIN EXPANSION",
      "detail": "FCF margin: +48.9% -> +66.2% (+17.2%)",
      "severity": "MEDIUM"
    },
    {
      "quarter": "2024-09 (Q3)",
      "signal": "FCF MARGIN EXPANSION",
      "detail": "FCF margin: +57.7% -> +69.3% (+11.6%)",
      "severity": "MEDIUM"
    },
    {
      "quarter": "2024-09 (Q3)",
      "signal": "INCREMENTAL MARGIN (YoY)",
      "detail": "YoY Incr OPM: +79.3% vs year-ago OPM: +64.5%",
      "severity": "MEDIUM"
    },
    {
      "quarter": "2024-06 (Q2)",
      "signal": "FCF MARGIN EXPANSION",
      "detail": "FCF margin: +51.7% -> +57.7% (+6.0%)",
      "severity": "MEDIUM"
    },
    {
      "quarter": "2024-06 (Q2)",
      "signal": "INCREMENTAL MARGIN (YoY)",
      "detail": "YoY Incr OPM: +117.6% vs year-ago OPM: +61.8%",
      "severity": "HIGH"
    },
    {
      "quarter": "2024-03 (Q1)",
      "signal": "FCF MARGIN EXPANSION",
      "detail": "FCF margin: +41.9% -> +51.7% (+9.9%)",
      "severity": "MEDIUM"
    },
    {
      "quarter": "2023-12 (Q4)",
      "signal": "INCREMENTAL MARGIN (YoY)",
      "detail": "YoY Incr OPM: +123.8% vs year-ago OPM: +64.1%",
      "severity": "HIGH"
    },
    {
      "quarter": "2023-09 (Q3)",
      "signal": "FCF MARGIN EXPANSION",
      "detail": "FCF margin: +71.4% -> +80.5% (+9.1%)",
      "severity": "MEDIUM"
    },
    {
      "quarter": "2023-06 (Q2)",
      "signal": "FCF MARGIN EXPANSION",
      "detail": "FCF margin: +48.3% -> +71.4% (+23.0%)",
      "severity": "MEDIUM"
    },
    {
      "quarter": "2023-06 (Q2)",
      "signal": "INCREMENTAL MARGIN (YoY)",
      "detail": "YoY Incr OPM: +103.3% vs year-ago OPM: +57.0%",
      "severity": "HIGH"
    },
    {
      "quarter": "2022-12 (Q4)",
      "signal": "YoY REVENUE GROWTH DECELERATION",
      "detail": "YoY growth: +12.4% vs prior quarter YoY: +18.7% (decel: -6.3%)",
      "severity": "WARNING"
    },
    {
      "quarter": "2022-06 (Q2)",
      "signal": "FCF MARGIN EXPANSION",
      "detail": "FCF margin: +48.5% -> +72.2% (+23.7%)",
      "severity": "MEDIUM"
    },
    {
      "quarter": "2022-06 (Q2)",
      "signal": "YoY REVENUE GROWTH DECELERATION",
      "detail": "YoY growth: +18.7% vs prior quarter YoY: +25.5% (decel: -6.8%)",
      "severity": "WARNING"
    },
    {
      "quarter": "2022-03 (Q1)",
      "signal": "INCREMENTAL MARGIN (YoY)",
      "detail": "YoY Incr OPM: +83.6% vs year-ago OPM: +62.5%",
      "severity": "HIGH"
    },
    {
      "quarter": "2021-12 (Q4)",
      "signal": "OPERATING LEVERAGE",
      "detail": "Rev growth +7.6% vs OpEx growth +1.7% (leverage: 4.4x)",
      "severity": "MEDIUM"
    },
    {
      "quarter": "2021-06 (Q2)",
      "signal": "FCF MARGIN EXPANSION",
      "detail": "FCF margin: +58.1% -> +72.0% (+13.9%)",
      "severity": "MEDIUM"
    }
  ],
  "data_quality": {
    "n_quarters": 20,
    "coverage": {
      "revenue": [
        20,
        20
      ],
      "gross_profit": [
        0,
        20
      ],
      "op_income": [
        20,
        20
      ],
      "fcf": [
        20,
        20
      ]
    },
    "gaps": [],
    "warnings": [
      "gross_profit: no data"
    ]
  },
  "market_cap": null,
  "source": "SEC EDGAR",
  "last_updated": "2026-02-02T19:46:04.465529"
}