{
  "ticker": "VAC",
  "name": "Marriott Vacations Worldwide Corp",
  "quarters": [
    {
      "date": "2020-12-31T00:00:00",
      "quarter_label": "2020-12 (Q4)",
      "revenue": 747000000,
      "gross_profit": null,
      "operating_income": null,
      "net_income": -37000000,
      "opex": 730000000,
      "cogs": null,
      "rd": null,
      "sga": null,
      "fcf": 136000000,
      "ocf": 141000000,
      "capex": -5000000,
      "gross_margin": null,
      "op_margin": null,
      "fcf_margin": 0.18206157965194109
    },
    {
      "date": "2021-03-31T00:00:00",
      "quarter_label": "2021-03 (Q1)",
      "revenue": 759000000,
      "gross_profit": null,
      "operating_income": null,
      "net_income": -28000000,
      "opex": 739000000,
      "cogs": null,
      "rd": null,
      "sga": null,
      "fcf": -67000000,
      "ocf": -60000000,
      "capex": -7000000,
      "gross_margin": null,
      "op_margin": null,
      "fcf_margin": -0.08827404479578392,
      "op_leverage_ratio": 1.3029897367246763,
      "fcf_margin_change": -0.270335624447725
    },
    {
      "date": "2021-06-30T00:00:00",
      "quarter_label": "2021-06 (Q2)",
      "revenue": 979000000,
      "gross_profit": null,
      "operating_income": null,
      "net_income": 6000000,
      "opex": 870000000,
      "cogs": null,
      "rd": null,
      "sga": null,
      "fcf": 204000000,
      "ocf": 208000000,
      "capex": -4000000,
      "gross_margin": null,
      "op_margin": null,
      "fcf_margin": 0.2083758937691522,
      "op_leverage_ratio": 1.6351366301582033,
      "fcf_margin_change": 0.2966499385649361
    },
    {
      "date": "2021-09-30T00:00:00",
      "quarter_label": "2021-09 (Q3)",
      "revenue": 1052000000,
      "gross_profit": null,
      "operating_income": null,
      "net_income": 10000000,
      "opex": 896000000,
      "cogs": null,
      "rd": null,
      "sga": null,
      "fcf": 147000000,
      "ocf": 155000000,
      "capex": -8000000,
      "gross_margin": null,
      "op_margin": null,
      "fcf_margin": 0.1397338403041825,
      "op_leverage_ratio": 2.4950891804824393,
      "fcf_margin_change": -0.06864205346496968
    },
    {
      "date": "2021-12-31T00:00:00",
      "quarter_label": "2021-12 (Q4)",
      "revenue": 1100000000,
      "gross_profit": null,
      "operating_income": null,
      "net_income": 61000000,
      "opex": 935000000,
      "cogs": null,
      "rd": null,
      "sga": null,
      "fcf": 12000000,
      "ocf": 40000000,
      "capex": -28000000,
      "gross_margin": null,
      "op_margin": null,
      "fcf_margin": 0.01090909090909091,
      "rev_growth_yoy": 0.4725568942436412,
      "op_leverage_ratio": 1.0482597250658088,
      "fcf_margin_change": -0.1288247493950916
    },
    {
      "date": "2022-03-31T00:00:00",
      "quarter_label": "2022-03 (Q1)",
      "revenue": 1052000000,
      "gross_profit": null,
      "operating_income": null,
      "net_income": 58000000,
      "opex": 911000000,
      "cogs": null,
      "rd": null,
      "sga": null,
      "fcf": 120000000,
      "ocf": 129000000,
      "capex": -9000000,
      "gross_margin": null,
      "op_margin": null,
      "fcf_margin": 0.11406844106463879,
      "rev_growth_yoy": 0.38603425559947296,
      "rev_growth_yoy_accel": -0.08652263864416826,
      "fcf_margin_change": 0.10315935015554788
    },
    {
      "date": "2022-06-30T00:00:00",
      "quarter_label": "2022-06 (Q2)",
      "revenue": 1164000000,
      "gross_profit": null,
      "operating_income": null,
      "net_income": 136000000,
      "opex": 957000000,
      "cogs": null,
      "rd": null,
      "sga": null,
      "fcf": 75000000,
      "ocf": 89000000,
      "capex": -14000000,
      "gross_margin": null,
      "op_margin": null,
      "fcf_margin": 0.06443298969072164,
      "rev_growth_yoy": 0.18896833503575078,
      "rev_growth_yoy_accel": -0.19706592056372219,
      "op_leverage_ratio": 2.108447677302033,
      "fcf_margin_change": -0.049635451373917144
    },
    {
      "date": "2022-09-30T00:00:00",
      "quarter_label": "2022-09 (Q3)",
      "revenue": 1252000000,
      "gross_profit": null,
      "operating_income": null,
      "net_income": 109000000,
      "opex": 1012000000,
      "cogs": null,
      "rd": null,
      "sga": null,
      "fcf": 149000000,
      "ocf": 162000000,
      "capex": -13000000,
      "gross_margin": null,
      "op_margin": null,
      "fcf_margin": 0.11900958466453675,
      "rev_growth_yoy": 0.19011406844106463,
      "rev_growth_yoy_accel": 0.001145733405313848,
      "op_leverage_ratio": 1.3154639175257732,
      "fcf_margin_change": 0.054576594973815104
    },
    {
      "date": "2022-12-31T00:00:00",
      "quarter_label": "2022-12 (Q4)",
      "revenue": 1188000000,
      "gross_profit": null,
      "operating_income": null,
      "net_income": 88000000,
      "opex": 992000000,
      "cogs": null,
      "rd": null,
      "sga": null,
      "fcf": 113000000,
      "ocf": 142000000,
      "capex": -29000000,
      "gross_margin": null,
      "op_margin": null,
      "fcf_margin": 0.09511784511784512,
      "rev_growth_yoy": 0.08,
      "rev_growth_yoy_accel": -0.11011406844106462,
      "fcf_margin_change": -0.02389173954669163
    },
    {
      "date": "2023-03-31T00:00:00",
      "quarter_label": "2023-03 (Q1)",
      "revenue": 1169000000,
      "gross_profit": null,
      "operating_income": null,
      "net_income": 87000000,
      "opex": 1015000000,
      "cogs": null,
      "rd": null,
      "sga": null,
      "fcf": -87000000,
      "ocf": -50000000,
      "capex": -37000000,
      "gross_margin": null,
      "op_margin": null,
      "fcf_margin": -0.07442258340461934,
      "rev_growth_yoy": 0.1112167300380228,
      "rev_growth_yoy_accel": 0.031216730038022805,
      "fcf_margin_change": -0.16954042852246445
    },
    {
      "date": "2023-06-30T00:00:00",
      "quarter_label": "2023-06 (Q2)",
      "revenue": 1178000000,
      "gross_profit": null,
      "operating_income": null,
      "net_income": 90000000,
      "opex": 1003000000,
      "cogs": null,
      "rd": null,
      "sga": null,
      "fcf": 51000000,
      "ocf": 77000000,
      "capex": -26000000,
      "gross_margin": null,
      "op_margin": null,
      "fcf_margin": 0.0432937181663837,
      "rev_growth_yoy": 0.012027491408934709,
      "rev_growth_yoy_accel": -0.0991892386290881,
      "fcf_margin_change": 0.11771630157100305
    },
    {
      "date": "2023-09-30T00:00:00",
      "quarter_label": "2023-09 (Q3)",
      "revenue": 1186000000,
      "gross_profit": null,
      "operating_income": null,
      "net_income": 42000000,
      "opex": 1081000000,
      "cogs": null,
      "rd": null,
      "sga": null,
      "fcf": 93000000,
      "ocf": 122000000,
      "capex": -29000000,
      "gross_margin": null,
      "op_margin": null,
      "fcf_margin": 0.07841483979763912,
      "rev_growth_yoy": -0.052715654952076675,
      "rev_growth_yoy_accel": -0.06474314636101139,
      "fcf_margin_change": 0.03512112163125542
    },
    {
      "date": "2023-12-31T00:00:00",
      "quarter_label": "2023-12 (Q4)",
      "revenue": 1194000000,
      "gross_profit": null,
      "operating_income": null,
      "net_income": 35000000,
      "opex": 1092000000,
      "cogs": null,
      "rd": null,
      "sga": null,
      "fcf": 57000000,
      "ocf": 83000000,
      "capex": -26000000,
      "gross_margin": null,
      "op_margin": null,
      "fcf_margin": 0.04773869346733668,
      "rev_growth_yoy": 0.005050505050505051,
      "rev_growth_yoy_accel": 0.05776616000258172,
      "fcf_margin_change": -0.03067614633030244
    },
    {
      "date": "2024-03-31T00:00:00",
      "quarter_label": "2024-03 (Q1)",
      "revenue": 1195000000,
      "gross_profit": null,
      "operating_income": null,
      "net_income": 47000000,
      "opex": 1058000000,
      "cogs": null,
      "rd": null,
      "sga": null,
      "fcf": -13000000,
      "ocf": 3000000,
      "capex": -16000000,
      "gross_margin": null,
      "op_margin": null,
      "fcf_margin": -0.010878661087866108,
      "rev_growth_yoy": 0.022241231822070145,
      "rev_growth_yoy_accel": 0.017190726771565093,
      "fcf_margin_change": -0.05861735455520279
    },
    {
      "date": "2024-06-30T00:00:00",
      "quarter_label": "2024-06 (Q2)",
      "revenue": 1140000000,
      "gross_profit": null,
      "operating_income": null,
      "net_income": 37000000,
      "opex": 1038000000,
      "cogs": null,
      "rd": null,
      "sga": null,
      "fcf": 17000000,
      "ocf": 30000000,
      "capex": -13000000,
      "gross_margin": null,
      "op_margin": null,
      "fcf_margin": 0.014912280701754385,
      "rev_growth_yoy": -0.03225806451612903,
      "rev_growth_yoy_accel": -0.05449929633819918,
      "fcf_margin_change": 0.025790941789620492
    },
    {
      "date": "2024-09-30T00:00:00",
      "quarter_label": "2024-09 (Q3)",
      "revenue": 1305000000,
      "gross_profit": null,
      "operating_income": null,
      "net_income": 84000000,
      "opex": 1157000000,
      "cogs": null,
      "rd": null,
      "sga": null,
      "fcf": 58000000,
      "ocf": 72000000,
      "capex": -14000000,
      "gross_margin": null,
      "op_margin": null,
      "fcf_margin": 0.044444444444444446,
      "rev_growth_yoy": 0.10033726812816189,
      "rev_growth_yoy_accel": 0.1325953326442909,
      "op_leverage_ratio": 1.2624944714727997,
      "fcf_margin_change": 0.029532163742690062
    },
    {
      "date": "2024-12-31T00:00:00",
      "quarter_label": "2024-12 (Q4)",
      "revenue": 1327000000,
      "gross_profit": null,
      "operating_income": null,
      "net_income": 50000000,
      "opex": 1224000000,
      "cogs": null,
      "rd": null,
      "sga": null,
      "fcf": 86000000,
      "ocf": 100000000,
      "capex": -14000000,
      "gross_margin": null,
      "op_margin": null,
      "fcf_margin": 0.06480783722682742,
      "rev_growth_yoy": 0.11139028475711893,
      "rev_growth_yoy_accel": 0.011053016628957038,
      "op_leverage_ratio": 0.2911191170583862,
      "fcf_margin_change": 0.02036339278238298
    },
    {
      "date": "2025-03-31T00:00:00",
      "quarter_label": "2025-03 (Q1)",
      "revenue": 1200000000,
      "gross_profit": null,
      "operating_income": null,
      "net_income": 56000000,
      "opex": 1071000000,
      "cogs": null,
      "rd": null,
      "sga": null,
      "fcf": -6000000,
      "ocf": 8000000,
      "capex": -14000000,
      "gross_margin": null,
      "op_margin": null,
      "fcf_margin": -0.005,
      "rev_growth_yoy": 0.0041841004184100415,
      "rev_growth_yoy_accel": -0.10720618433870889,
      "fcf_margin_change": -0.06980783722682743
    },
    {
      "date": "2025-06-30T00:00:00",
      "quarter_label": "2025-06 (Q2)",
      "revenue": 1246000000,
      "gross_profit": null,
      "operating_income": null,
      "net_income": 69000000,
      "opex": 1134000000,
      "cogs": null,
      "rd": null,
      "sga": null,
      "fcf": -68000000,
      "ocf": -48000000,
      "capex": -20000000,
      "gross_margin": null,
      "op_margin": null,
      "fcf_margin": -0.05457463884430177,
      "rev_growth_yoy": 0.09298245614035087,
      "rev_growth_yoy_accel": 0.08879835572194084,
      "op_leverage_ratio": 0.6516666666666666,
      "fcf_margin_change": -0.04957463884430177
    },
    {
      "date": "2025-09-30T00:00:00",
      "quarter_label": "2025-09 (Q3)",
      "revenue": 1263000000,
      "gross_profit": null,
      "operating_income": null,
      "net_income": -2000000,
      "opex": 1230000000,
      "cogs": null,
      "rd": null,
      "sga": null,
      "fcf": 51000000,
      "ocf": 62000000,
      "capex": -11000000,
      "gross_margin": null,
      "op_margin": null,
      "fcf_margin": 0.040380047505938245,
      "rev_growth_yoy": -0.03218390804597701,
      "rev_growth_yoy_accel": -0.12516636418632787,
      "op_leverage_ratio": 0.16116573033707868,
      "fcf_margin_change": 0.09495468635024001
    }
  ],
  "signals": [
    {
      "quarter": "2025-09 (Q3)",
      "signal": "FCF TURNED POSITIVE",
      "detail": "FCF margin: -5.5% -> +4.0%",
      "severity": "HIGH"
    },
    {
      "quarter": "2025-09 (Q3)",
      "signal": "YoY REVENUE GROWTH DECELERATION",
      "detail": "YoY growth: -3.2% vs prior quarter YoY: +9.3% (decel: -12.5%)",
      "severity": "WARNING"
    },
    {
      "quarter": "2025-06 (Q2)",
      "signal": "YoY REVENUE GROWTH ACCELERATION",
      "detail": "YoY growth: +9.3% vs prior quarter YoY: +0.4% (accel: +8.9%)",
      "severity": "MEDIUM"
    },
    {
      "quarter": "2025-03 (Q1)",
      "signal": "YoY REVENUE GROWTH DECELERATION",
      "detail": "YoY growth: +0.4% vs prior quarter YoY: +11.1% (decel: -10.7%)",
      "severity": "WARNING"
    },
    {
      "quarter": "2024-09 (Q3)",
      "signal": "YoY REVENUE GROWTH ACCELERATION",
      "detail": "YoY growth: +10.0% vs prior quarter YoY: -3.2% (accel: +13.3%)",
      "severity": "MEDIUM"
    },
    {
      "quarter": "2024-06 (Q2)",
      "signal": "FCF TURNED POSITIVE",
      "detail": "FCF margin: -1.1% -> +1.5%",
      "severity": "HIGH"
    },
    {
      "quarter": "2024-06 (Q2)",
      "signal": "YoY REVENUE GROWTH DECELERATION",
      "detail": "YoY growth: -3.2% vs prior quarter YoY: +2.2% (decel: -5.4%)",
      "severity": "WARNING"
    },
    {
      "quarter": "2023-12 (Q4)",
      "signal": "YoY REVENUE GROWTH ACCELERATION",
      "detail": "YoY growth: +0.5% vs prior quarter YoY: -5.3% (accel: +5.8%)",
      "severity": "MEDIUM"
    },
    {
      "quarter": "2023-09 (Q3)",
      "signal": "YoY REVENUE GROWTH DECELERATION",
      "detail": "YoY growth: -5.3% vs prior quarter YoY: +1.2% (decel: -6.5%)",
      "severity": "WARNING"
    },
    {
      "quarter": "2023-06 (Q2)",
      "signal": "FCF TURNED POSITIVE",
      "detail": "FCF margin: -7.4% -> +4.3%",
      "severity": "HIGH"
    },
    {
      "quarter": "2023-06 (Q2)",
      "signal": "YoY REVENUE GROWTH DECELERATION",
      "detail": "YoY growth: +1.2% vs prior quarter YoY: +11.1% (decel: -9.9%)",
      "severity": "WARNING"
    },
    {
      "quarter": "2022-12 (Q4)",
      "signal": "YoY REVENUE GROWTH DECELERATION",
      "detail": "YoY growth: +8.0% vs prior quarter YoY: +19.0% (decel: -11.0%)",
      "severity": "WARNING"
    },
    {
      "quarter": "2022-09 (Q3)",
      "signal": "FCF MARGIN EXPANSION",
      "detail": "FCF margin: +6.4% -> +11.9% (+5.5%)",
      "severity": "MEDIUM"
    },
    {
      "quarter": "2022-06 (Q2)",
      "signal": "OPERATING LEVERAGE",
      "detail": "Rev growth +10.6% vs OpEx growth +5.0% (leverage: 2.1x)",
      "severity": "MEDIUM"
    },
    {
      "quarter": "2022-06 (Q2)",
      "signal": "YoY REVENUE GROWTH DECELERATION",
      "detail": "YoY growth: +18.9% vs prior quarter YoY: +38.6% (decel: -19.7%)",
      "severity": "WARNING"
    },
    {
      "quarter": "2022-03 (Q1)",
      "signal": "FCF MARGIN EXPANSION",
      "detail": "FCF margin: +1.1% -> +11.4% (+10.3%)",
      "severity": "MEDIUM"
    },
    {
      "quarter": "2022-03 (Q1)",
      "signal": "YoY REVENUE GROWTH DECELERATION",
      "detail": "YoY growth: +38.6% vs prior quarter YoY: +47.3% (decel: -8.7%)",
      "severity": "WARNING"
    },
    {
      "quarter": "2021-09 (Q3)",
      "signal": "OPERATING LEVERAGE",
      "detail": "Rev growth +7.5% vs OpEx growth +3.0% (leverage: 2.5x)",
      "severity": "MEDIUM"
    },
    {
      "quarter": "2021-06 (Q2)",
      "signal": "FCF TURNED POSITIVE",
      "detail": "FCF margin: -8.8% -> +20.8%",
      "severity": "HIGH"
    },
    {
      "quarter": "2021-06 (Q2)",
      "signal": "OPERATING LEVERAGE",
      "detail": "Rev growth +29.0% vs OpEx growth +17.7% (leverage: 1.6x)",
      "severity": "MEDIUM"
    }
  ],
  "data_quality": {
    "n_quarters": 20,
    "coverage": {
      "revenue": [
        20,
        20
      ],
      "gross_profit": [
        0,
        20
      ],
      "op_income": [
        0,
        20
      ],
      "fcf": [
        20,
        20
      ]
    },
    "gaps": [],
    "warnings": [
      "gross_profit: no data",
      "op_income: no data"
    ]
  },
  "market_cap": null,
  "source": "SEC EDGAR",
  "last_updated": "2026-02-02T21:38:55.043646"
}