{
  "ticker": "VALU",
  "name": "Value Line, Inc.",
  "quarters": [
    {
      "date": "2021-01-31T00:00:00",
      "quarter_label": "2021-01 (Q1)",
      "revenue": 10130000,
      "gross_profit": null,
      "operating_income": 2283000,
      "net_income": 6029000,
      "opex": 7847000,
      "cogs": null,
      "rd": null,
      "sga": null,
      "fcf": 2682000,
      "ocf": 2687000,
      "capex": -5000,
      "gross_margin": null,
      "op_margin": 0.22537018756169794,
      "fcf_margin": 0.26475814412635734
    },
    {
      "date": "2021-04-30T00:00:00",
      "quarter_label": "2021-04 (Q2)",
      "revenue": 9724000,
      "gross_profit": null,
      "operating_income": 838000,
      "net_income": 7078000,
      "opex": 8886000,
      "cogs": null,
      "rd": null,
      "sga": null,
      "fcf": 6048000,
      "ocf": 6055000,
      "capex": -7000,
      "gross_margin": null,
      "op_margin": 0.08617852735499794,
      "fcf_margin": 0.6219662690250926,
      "fcf_margin_change": 0.3572081248987352
    },
    {
      "date": "2021-07-31T00:00:00",
      "quarter_label": "2021-07 (Q3)",
      "revenue": 10166000,
      "gross_profit": null,
      "operating_income": 2265000,
      "net_income": 5897000,
      "opex": 7901000,
      "cogs": null,
      "rd": null,
      "sga": null,
      "fcf": 7635000,
      "ocf": 7635000,
      "capex": null,
      "gross_margin": null,
      "op_margin": 0.2228014951800118,
      "fcf_margin": 0.7510328546134173,
      "op_leverage_ratio": Infinity,
      "fcf_margin_change": 0.12906658558832473
    },
    {
      "date": "2021-10-31T00:00:00",
      "quarter_label": "2021-10 (Q4)",
      "revenue": 9973000,
      "gross_profit": null,
      "operating_income": 2737000,
      "net_income": 8504000,
      "opex": 7236000,
      "cogs": null,
      "rd": null,
      "sga": null,
      "fcf": 3625000,
      "ocf": 3625000,
      "capex": null,
      "gross_margin": null,
      "op_margin": 0.274440990674822,
      "fcf_margin": 0.3634813997794044,
      "fcf_margin_change": -0.3875514548340129
    },
    {
      "date": "2022-01-31T00:00:00",
      "quarter_label": "2022-01 (Q1)",
      "revenue": 10258000,
      "gross_profit": null,
      "operating_income": 2875000,
      "net_income": 5614000,
      "opex": 7383000,
      "cogs": null,
      "rd": null,
      "sga": null,
      "fcf": 8367000,
      "ocf": 8367000,
      "capex": null,
      "gross_margin": null,
      "op_margin": 0.2802690582959641,
      "fcf_margin": 0.8156560733086372,
      "rev_growth_yoy": 0.012635735439289239,
      "op_leverage_ratio": 1.40669603848759,
      "fcf_margin_change": 0.4521746735292328
    },
    {
      "date": "2022-04-30T00:00:00",
      "quarter_label": "2022-04 (Q2)",
      "revenue": 10128000,
      "gross_profit": null,
      "operating_income": 2923000,
      "net_income": 3807000,
      "opex": 7205000,
      "cogs": null,
      "rd": null,
      "sga": null,
      "fcf": 5008000,
      "ocf": 5019000,
      "capex": -11000,
      "gross_margin": null,
      "op_margin": 0.2886058451816746,
      "fcf_margin": 0.49447077409162715,
      "rev_growth_yoy": 0.04154668860551213,
      "rev_growth_yoy_accel": 0.028910953166222893,
      "fcf_margin_change": -0.32118529921701006
    },
    {
      "date": "2022-07-31T00:00:00",
      "quarter_label": "2022-07 (Q3)",
      "revenue": 9944000,
      "gross_profit": null,
      "operating_income": 2556000,
      "net_income": 4458000,
      "opex": 7388000,
      "cogs": null,
      "rd": null,
      "sga": null,
      "fcf": 5313000,
      "ocf": 5336000,
      "capex": -23000,
      "gross_margin": null,
      "op_margin": 0.2570394207562349,
      "fcf_margin": 0.5342920353982301,
      "rev_growth_yoy": -0.02183749754082235,
      "rev_growth_yoy_accel": -0.06338418614633448,
      "fcf_margin_change": 0.03982126130660296
    },
    {
      "date": "2022-10-31T00:00:00",
      "quarter_label": "2022-10 (Q4)",
      "revenue": 10066000,
      "gross_profit": null,
      "operating_income": 3173000,
      "net_income": 4330000,
      "opex": 6893000,
      "cogs": null,
      "rd": null,
      "sga": null,
      "fcf": 3263000,
      "ocf": 3263000,
      "capex": null,
      "gross_margin": null,
      "op_margin": 0.31521955096363996,
      "fcf_margin": 0.32416054043314124,
      "rev_growth_yoy": 0.009325177980547479,
      "rev_growth_yoy_accel": 0.03116267552136983,
      "op_leverage_ratio": Infinity,
      "fcf_margin_change": -0.21013149496508887
    },
    {
      "date": "2023-01-31T00:00:00",
      "quarter_label": "2023-01 (Q1)",
      "revenue": 9967000,
      "gross_profit": null,
      "operating_income": 2984000,
      "net_income": 5248000,
      "opex": 6983000,
      "cogs": null,
      "rd": null,
      "sga": null,
      "fcf": 5379000,
      "ocf": 5379000,
      "capex": null,
      "gross_margin": null,
      "op_margin": 0.29938798033510583,
      "fcf_margin": 0.5396809471255142,
      "rev_growth_yoy": -0.028368102944043672,
      "rev_growth_yoy_accel": -0.03769328092459115,
      "fcf_margin_change": 0.21552040669237293
    },
    {
      "date": "2023-04-30T00:00:00",
      "quarter_label": "2023-04 (Q2)",
      "revenue": 9718000,
      "gross_profit": null,
      "operating_income": 2757000,
      "net_income": 4033000,
      "opex": 6961000,
      "cogs": null,
      "rd": null,
      "sga": null,
      "fcf": 4193000,
      "ocf": 4200000,
      "capex": -7000,
      "gross_margin": null,
      "op_margin": 0.2837003498662276,
      "fcf_margin": 0.43146738011936614,
      "rev_growth_yoy": -0.04048183254344392,
      "rev_growth_yoy_accel": -0.012113729599400245,
      "fcf_margin_change": -0.10821356700614804
    },
    {
      "date": "2023-07-31T00:00:00",
      "quarter_label": "2023-07 (Q3)",
      "revenue": 9743000,
      "gross_profit": null,
      "operating_income": 2747000,
      "net_income": 4859000,
      "opex": 6996000,
      "cogs": null,
      "rd": null,
      "sga": null,
      "fcf": 5058000,
      "ocf": 5058000,
      "capex": null,
      "gross_margin": null,
      "op_margin": 0.2819460125218105,
      "fcf_margin": 0.5191419480652776,
      "rev_growth_yoy": -0.020213193885760258,
      "rev_growth_yoy_accel": 0.02026863865768366,
      "fcf_margin_change": 0.08767456794591144
    },
    {
      "date": "2023-10-31T00:00:00",
      "quarter_label": "2023-10 (Q4)",
      "revenue": 9610000,
      "gross_profit": null,
      "operating_income": 2674000,
      "net_income": 3488000,
      "opex": 6936000,
      "cogs": null,
      "rd": null,
      "sga": null,
      "fcf": 705000,
      "ocf": 705000,
      "capex": null,
      "gross_margin": null,
      "op_margin": 0.2782518210197711,
      "fcf_margin": 0.07336108220603538,
      "rev_growth_yoy": -0.04530101331213988,
      "rev_growth_yoy_accel": -0.02508781942637962,
      "fcf_margin_change": -0.4457808658592422
    },
    {
      "date": "2024-01-31T00:00:00",
      "quarter_label": "2024-01 (Q1)",
      "revenue": 9131000,
      "gross_profit": null,
      "operating_income": 2232000,
      "net_income": 5885000,
      "opex": 6899000,
      "cogs": null,
      "rd": null,
      "sga": null,
      "fcf": 8392000,
      "ocf": 8406000,
      "capex": -14000,
      "gross_margin": null,
      "op_margin": 0.24444201073266894,
      "fcf_margin": 0.9190669149052678,
      "rev_growth_yoy": -0.08387679341828032,
      "rev_growth_yoy_accel": -0.03857578010614044,
      "fcf_margin_change": 0.8457058326992324
    },
    {
      "date": "2024-04-30T00:00:00",
      "quarter_label": "2024-04 (Q2)",
      "revenue": 9003000,
      "gross_profit": null,
      "operating_income": 1488000,
      "net_income": 4784000,
      "opex": 7515000,
      "cogs": null,
      "rd": null,
      "sga": null,
      "fcf": 3762000,
      "ocf": 3763000,
      "capex": -1000,
      "gross_margin": null,
      "op_margin": 0.16527824058647117,
      "fcf_margin": 0.4178607130956348,
      "rev_growth_yoy": -0.07357480963161145,
      "rev_growth_yoy_accel": 0.01030198378666887,
      "fcf_margin_change": -0.501206201809633
    },
    {
      "date": "2024-07-31T00:00:00",
      "quarter_label": "2024-07 (Q3)",
      "revenue": 8884000,
      "gross_profit": null,
      "operating_income": 1847000,
      "net_income": 5887000,
      "opex": 7037000,
      "cogs": null,
      "rd": null,
      "sga": null,
      "fcf": 4767000,
      "ocf": 4771000,
      "capex": -4000,
      "gross_margin": null,
      "op_margin": 0.20790184601530842,
      "fcf_margin": 0.5365826204412427,
      "rev_growth_yoy": -0.08816586267063532,
      "rev_growth_yoy_accel": -0.014591053039023874,
      "fcf_margin_change": 0.11872190734560795
    },
    {
      "date": "2024-10-31T00:00:00",
      "quarter_label": "2024-10 (Q4)",
      "revenue": 8841000,
      "gross_profit": null,
      "operating_income": 1744000,
      "net_income": 5685000,
      "opex": 7097000,
      "cogs": null,
      "rd": null,
      "sga": null,
      "fcf": 3012000,
      "ocf": 3073000,
      "capex": -61000,
      "gross_margin": null,
      "op_margin": 0.1972627530822305,
      "fcf_margin": 0.34068544282321006,
      "rev_growth_yoy": -0.08002081165452654,
      "rev_growth_yoy_accel": 0.008145051016108781,
      "fcf_margin_change": -0.19589717761803266
    },
    {
      "date": "2025-01-31T00:00:00",
      "quarter_label": "2025-01 (Q1)",
      "revenue": 8967000,
      "gross_profit": null,
      "operating_income": 1564000,
      "net_income": 5163000,
      "opex": 7403000,
      "cogs": null,
      "rd": null,
      "sga": null,
      "fcf": 6750000,
      "ocf": 6859000,
      "capex": -109000,
      "gross_margin": null,
      "op_margin": 0.17441730790676926,
      "fcf_margin": 0.7527601204416192,
      "rev_growth_yoy": -0.01796079290329646,
      "rev_growth_yoy_accel": 0.06206001875123008,
      "op_leverage_ratio": 0.3305388663779051,
      "fcf_margin_change": 0.41207467761840916
    },
    {
      "date": "2025-04-30T00:00:00",
      "quarter_label": "2025-04 (Q2)",
      "revenue": 8387000,
      "gross_profit": null,
      "operating_income": 830000,
      "net_income": 3951000,
      "opex": 7557000,
      "cogs": null,
      "rd": null,
      "sga": null,
      "fcf": 5536000,
      "ocf": 5540000,
      "capex": -4000,
      "gross_margin": null,
      "op_margin": 0.0989626803386193,
      "fcf_margin": 0.660069154644092,
      "rev_growth_yoy": -0.06842163723203376,
      "rev_growth_yoy_accel": -0.0504608443287373,
      "fcf_margin_change": -0.09269096579752722
    },
    {
      "date": "2025-07-31T00:00:00",
      "quarter_label": "2025-07 (Q3)",
      "revenue": 8606000,
      "gross_profit": null,
      "operating_income": 1496000,
      "net_income": 6460000,
      "opex": 7110000,
      "cogs": null,
      "rd": null,
      "sga": null,
      "fcf": 5560000,
      "ocf": 5560000,
      "capex": null,
      "gross_margin": null,
      "op_margin": 0.1738322100859865,
      "fcf_margin": 0.6460608877527306,
      "rev_growth_yoy": -0.03129221071589374,
      "rev_growth_yoy_accel": 0.03712942651614002,
      "op_leverage_ratio": Infinity,
      "fcf_margin_change": -0.014008266891361365
    },
    {
      "date": "2025-10-31T00:00:00",
      "quarter_label": "2025-10 (Q4)",
      "revenue": 8556000,
      "gross_profit": null,
      "operating_income": 1512000,
      "net_income": 5682000,
      "opex": 7044000,
      "cogs": null,
      "rd": null,
      "sga": null,
      "fcf": 2952000,
      "ocf": 2952000,
      "capex": null,
      "gross_margin": null,
      "op_margin": 0.1767180925666199,
      "fcf_margin": 0.3450210378681627,
      "rev_growth_yoy": -0.03223617237869019,
      "rev_growth_yoy_accel": -0.0009439616627964498,
      "fcf_margin_change": -0.30103984988456794
    }
  ],
  "signals": [
    {
      "quarter": "2025-04 (Q2)",
      "signal": "YoY REVENUE GROWTH DECELERATION",
      "detail": "YoY growth: -6.8% vs prior quarter YoY: -1.8% (decel: -5.0%)",
      "severity": "WARNING"
    },
    {
      "quarter": "2025-01 (Q1)",
      "signal": "FCF MARGIN EXPANSION",
      "detail": "FCF margin: +34.1% -> +75.3% (+41.2%)",
      "severity": "MEDIUM"
    },
    {
      "quarter": "2025-01 (Q1)",
      "signal": "YoY REVENUE GROWTH ACCELERATION",
      "detail": "YoY growth: -1.8% vs prior quarter YoY: -8.0% (accel: +6.2%)",
      "severity": "MEDIUM"
    },
    {
      "quarter": "2024-07 (Q3)",
      "signal": "FCF MARGIN EXPANSION",
      "detail": "FCF margin: +41.8% -> +53.7% (+11.9%)",
      "severity": "MEDIUM"
    },
    {
      "quarter": "2024-01 (Q1)",
      "signal": "FCF MARGIN EXPANSION",
      "detail": "FCF margin: +7.3% -> +91.9% (+84.6%)",
      "severity": "MEDIUM"
    },
    {
      "quarter": "2023-07 (Q3)",
      "signal": "FCF MARGIN EXPANSION",
      "detail": "FCF margin: +43.1% -> +51.9% (+8.8%)",
      "severity": "MEDIUM"
    },
    {
      "quarter": "2023-01 (Q1)",
      "signal": "FCF MARGIN EXPANSION",
      "detail": "FCF margin: +32.4% -> +54.0% (+21.6%)",
      "severity": "MEDIUM"
    },
    {
      "quarter": "2022-07 (Q3)",
      "signal": "YoY REVENUE GROWTH DECELERATION",
      "detail": "YoY growth: -2.2% vs prior quarter YoY: +4.2% (decel: -6.3%)",
      "severity": "WARNING"
    },
    {
      "quarter": "2022-01 (Q1)",
      "signal": "FCF MARGIN EXPANSION",
      "detail": "FCF margin: +36.3% -> +81.6% (+45.2%)",
      "severity": "MEDIUM"
    },
    {
      "quarter": "2021-07 (Q3)",
      "signal": "FCF MARGIN EXPANSION",
      "detail": "FCF margin: +62.2% -> +75.1% (+12.9%)",
      "severity": "MEDIUM"
    },
    {
      "quarter": "2021-04 (Q2)",
      "signal": "FCF MARGIN EXPANSION",
      "detail": "FCF margin: +26.5% -> +62.2% (+35.7%)",
      "severity": "MEDIUM"
    }
  ],
  "data_quality": {
    "n_quarters": 20,
    "coverage": {
      "revenue": [
        20,
        20
      ],
      "gross_profit": [
        0,
        20
      ],
      "op_income": [
        20,
        20
      ],
      "fcf": [
        20,
        20
      ]
    },
    "gaps": [],
    "warnings": [
      "gross_profit: no data"
    ]
  },
  "market_cap": null,
  "source": "SEC EDGAR",
  "last_updated": "2026-02-02T22:40:33.814018"
}