{
  "ticker": "VC",
  "name": "VISTEON CORPORATION",
  "sector": "Consumer Cyclical",
  "industry": "Auto Parts",
  "quarters": [
    {
      "date": "2021-03-31T00:00:00",
      "quarter_label": "2021-03 (Q1)",
      "revenue": 746000000,
      "gross_profit": 73000000,
      "operating_income": null,
      "net_income": 16000000,
      "opex": null,
      "cogs": 673000000,
      "rd": null,
      "sga": 45000000,
      "fcf": 11000000,
      "ocf": 11000000,
      "capex": null,
      "gross_margin": 0.09785522788203753,
      "op_margin": null,
      "fcf_margin": 0.014745308310991957
    },
    {
      "date": "2021-06-30T00:00:00",
      "quarter_label": "2021-06 (Q2)",
      "revenue": 610000000,
      "gross_profit": 35000000,
      "operating_income": null,
      "net_income": -11000000,
      "opex": null,
      "cogs": 575000000,
      "rd": null,
      "sga": 44000000,
      "fcf": -10000000,
      "ocf": -10000000,
      "capex": null,
      "gross_margin": 0.05737704918032787,
      "op_margin": null,
      "fcf_margin": -0.01639344262295082,
      "fcf_margin_change": -0.031138750933942777
    },
    {
      "date": "2021-09-30T00:00:00",
      "quarter_label": "2021-09 (Q3)",
      "revenue": 631000000,
      "gross_profit": 47000000,
      "operating_income": null,
      "net_income": 5000000,
      "opex": null,
      "cogs": 584000000,
      "rd": null,
      "sga": 42000000,
      "fcf": -13000000,
      "ocf": -13000000,
      "capex": null,
      "gross_margin": 0.07448494453248812,
      "op_margin": null,
      "fcf_margin": -0.020602218700475437,
      "fcf_margin_change": -0.004208776077524616
    },
    {
      "date": "2021-12-31T00:00:00",
      "quarter_label": "2021-12 (Q4)",
      "revenue": 786000000,
      "gross_profit": 99000000,
      "operating_income": null,
      "net_income": 31000000,
      "opex": null,
      "cogs": 687000000,
      "rd": null,
      "sga": 44000000,
      "fcf": 70000000,
      "ocf": 70000000,
      "capex": null,
      "gross_margin": 0.12595419847328243,
      "op_margin": null,
      "fcf_margin": 0.089058524173028,
      "fcf_margin_change": 0.10966074287350343
    },
    {
      "date": "2022-03-31T00:00:00",
      "quarter_label": "2022-03 (Q1)",
      "revenue": 818000000,
      "gross_profit": 76000000,
      "operating_income": null,
      "net_income": 22000000,
      "opex": null,
      "cogs": 742000000,
      "rd": null,
      "sga": 44000000,
      "fcf": -21000000,
      "ocf": -21000000,
      "capex": null,
      "gross_margin": 0.09290953545232274,
      "op_margin": null,
      "fcf_margin": -0.02567237163814181,
      "rev_growth_yoy": 0.09651474530831099,
      "fcf_margin_change": -0.1147308958111698
    },
    {
      "date": "2022-06-30T00:00:00",
      "quarter_label": "2022-06 (Q2)",
      "revenue": 848000000,
      "gross_profit": 74000000,
      "operating_income": null,
      "net_income": 24000000,
      "opex": null,
      "cogs": 774000000,
      "rd": null,
      "sga": 43000000,
      "fcf": -51000000,
      "ocf": -51000000,
      "capex": null,
      "gross_margin": 0.08726415094339622,
      "op_margin": null,
      "fcf_margin": -0.060141509433962265,
      "rev_growth_yoy": 0.3901639344262295,
      "rev_growth_yoy_accel": 0.2936491891179185,
      "fcf_margin_change": -0.034469137795820455
    },
    {
      "date": "2022-09-30T00:00:00",
      "quarter_label": "2022-09 (Q3)",
      "revenue": 1026000000,
      "gross_profit": 104000000,
      "operating_income": null,
      "net_income": 44000000,
      "opex": null,
      "cogs": 922000000,
      "rd": null,
      "sga": 47000000,
      "fcf": 74000000,
      "ocf": 74000000,
      "capex": null,
      "gross_margin": 0.10136452241715399,
      "op_margin": null,
      "fcf_margin": 0.07212475633528265,
      "rev_growth_yoy": 0.6259904912836767,
      "rev_growth_yoy_accel": 0.2358265568574472,
      "fcf_margin_change": 0.1322662657692449
    },
    {
      "date": "2022-12-31T00:00:00",
      "quarter_label": "2022-12 (Q4)",
      "revenue": 1064000000,
      "gross_profit": 114000000,
      "operating_income": null,
      "net_income": 34000000,
      "opex": null,
      "cogs": 950000000,
      "rd": null,
      "sga": 54000000,
      "fcf": 165000000,
      "ocf": 165000000,
      "capex": null,
      "gross_margin": 0.10714285714285714,
      "op_margin": null,
      "fcf_margin": 0.1550751879699248,
      "rev_growth_yoy": 0.35368956743002544,
      "rev_growth_yoy_accel": -0.27230092385365123,
      "fcf_margin_change": 0.08295043163464216
    },
    {
      "date": "2023-03-31T00:00:00",
      "quarter_label": "2023-03 (Q1)",
      "revenue": 967000000,
      "gross_profit": 110000000,
      "operating_income": null,
      "net_income": 34000000,
      "opex": null,
      "cogs": 857000000,
      "rd": null,
      "sga": 52000000,
      "fcf": -19000000,
      "ocf": -19000000,
      "capex": null,
      "gross_margin": 0.11375387797311272,
      "op_margin": null,
      "fcf_margin": -0.01964839710444674,
      "rev_growth_yoy": 0.1821515892420538,
      "rev_growth_yoy_accel": -0.17153797818797165,
      "fcf_margin_change": -0.17472358507437155
    },
    {
      "date": "2023-06-30T00:00:00",
      "quarter_label": "2023-06 (Q2)",
      "revenue": 983000000,
      "gross_profit": 104000000,
      "operating_income": null,
      "net_income": 20000000,
      "opex": null,
      "cogs": 879000000,
      "rd": null,
      "sga": 52000000,
      "fcf": 61000000,
      "ocf": 61000000,
      "capex": null,
      "gross_margin": 0.10579857578840285,
      "op_margin": null,
      "fcf_margin": 0.06205493387589013,
      "rev_growth_yoy": 0.15919811320754718,
      "rev_growth_yoy_accel": -0.02295347603450662,
      "fcf_margin_change": 0.08170333098033687
    },
    {
      "date": "2023-09-30T00:00:00",
      "quarter_label": "2023-09 (Q3)",
      "revenue": 1014000000,
      "gross_profit": 143000000,
      "operating_income": null,
      "net_income": 66000000,
      "opex": null,
      "cogs": 871000000,
      "rd": null,
      "sga": 52000000,
      "fcf": 127000000,
      "ocf": 127000000,
      "capex": null,
      "gross_margin": 0.14102564102564102,
      "op_margin": null,
      "fcf_margin": 0.1252465483234714,
      "rev_growth_yoy": -0.011695906432748537,
      "rev_growth_yoy_accel": -0.1708940196402957,
      "fcf_margin_change": 0.06319161444758127
    },
    {
      "date": "2023-12-31T00:00:00",
      "quarter_label": "2023-12 (Q4)",
      "revenue": 990000000,
      "gross_profit": 130000000,
      "operating_income": null,
      "net_income": 366000000,
      "opex": null,
      "cogs": 860000000,
      "rd": null,
      "sga": 51000000,
      "fcf": 98000000,
      "ocf": 98000000,
      "capex": null,
      "gross_margin": 0.13131313131313133,
      "op_margin": null,
      "fcf_margin": 0.09898989898989899,
      "rev_growth_yoy": -0.06954887218045112,
      "rev_growth_yoy_accel": -0.05785296574770259,
      "fcf_margin_change": -0.026256649333572413
    },
    {
      "date": "2024-03-31T00:00:00",
      "quarter_label": "2024-03 (Q1)",
      "revenue": 933000000,
      "gross_profit": 119000000,
      "operating_income": null,
      "net_income": 42000000,
      "opex": null,
      "cogs": 814000000,
      "rd": null,
      "sga": 52000000,
      "fcf": 69000000,
      "ocf": 69000000,
      "capex": null,
      "gross_margin": 0.12754555198285103,
      "op_margin": null,
      "fcf_margin": 0.07395498392282958,
      "rev_growth_yoy": -0.03516028955532575,
      "rev_growth_yoy_accel": 0.034388582625125376,
      "fcf_margin_change": -0.02503491506706941
    },
    {
      "date": "2024-06-30T00:00:00",
      "quarter_label": "2024-06 (Q2)",
      "revenue": 1014000000,
      "gross_profit": 147000000,
      "operating_income": null,
      "net_income": 71000000,
      "opex": null,
      "cogs": 867000000,
      "rd": null,
      "sga": 49000000,
      "fcf": 57000000,
      "ocf": 57000000,
      "capex": null,
      "gross_margin": 0.14497041420118342,
      "op_margin": null,
      "fcf_margin": 0.05621301775147929,
      "rev_growth_yoy": 0.03153611393692777,
      "rev_growth_yoy_accel": 0.06669640349225352,
      "fcf_margin_change": -0.017741966171350286
    },
    {
      "date": "2024-09-30T00:00:00",
      "quarter_label": "2024-09 (Q3)",
      "revenue": 980000000,
      "gross_profit": 131000000,
      "operating_income": null,
      "net_income": 39000000,
      "opex": null,
      "cogs": 849000000,
      "rd": null,
      "sga": 51000000,
      "fcf": 98000000,
      "ocf": 98000000,
      "capex": null,
      "gross_margin": 0.1336734693877551,
      "op_margin": null,
      "fcf_margin": 0.1,
      "rev_growth_yoy": -0.03353057199211045,
      "rev_growth_yoy_accel": -0.06506668592903822,
      "fcf_margin_change": 0.04378698224852071
    },
    {
      "date": "2024-12-31T00:00:00",
      "quarter_label": "2024-12 (Q4)",
      "revenue": 939000000,
      "gross_profit": 134000000,
      "operating_income": null,
      "net_income": 125000000,
      "opex": null,
      "cogs": 805000000,
      "rd": null,
      "sga": 55000000,
      "fcf": 203000000,
      "ocf": 203000000,
      "capex": null,
      "gross_margin": 0.14270500532481364,
      "op_margin": null,
      "fcf_margin": 0.2161874334398296,
      "rev_growth_yoy": -0.051515151515151514,
      "rev_growth_yoy_accel": -0.017984579523041062,
      "fcf_margin_change": 0.1161874334398296
    },
    {
      "date": "2025-03-31T00:00:00",
      "quarter_label": "2025-03 (Q1)",
      "revenue": 934000000,
      "gross_profit": 138000000,
      "operating_income": null,
      "net_income": 65000000,
      "opex": null,
      "cogs": 796000000,
      "rd": null,
      "sga": 47000000,
      "fcf": 70000000,
      "ocf": 70000000,
      "capex": null,
      "gross_margin": 0.14775160599571735,
      "op_margin": null,
      "fcf_margin": 0.07494646680942184,
      "rev_growth_yoy": 0.0010718113612004287,
      "rev_growth_yoy_accel": 0.05258696287635194,
      "fcf_margin_change": -0.14124096663040775
    },
    {
      "date": "2025-06-30T00:00:00",
      "quarter_label": "2025-06 (Q2)",
      "revenue": 969000000,
      "gross_profit": 141000000,
      "operating_income": null,
      "net_income": 65000000,
      "opex": null,
      "cogs": 828000000,
      "rd": null,
      "sga": 48000000,
      "fcf": 95000000,
      "ocf": 95000000,
      "capex": null,
      "gross_margin": 0.14551083591331268,
      "op_margin": null,
      "fcf_margin": 0.09803921568627451,
      "rev_growth_yoy": -0.04437869822485207,
      "rev_growth_yoy_accel": -0.0454505095860525,
      "fcf_margin_change": 0.02309274887685267
    },
    {
      "date": "2025-09-30T00:00:00",
      "quarter_label": "2025-09 (Q3)",
      "revenue": 917000000,
      "gross_profit": 131000000,
      "operating_income": null,
      "net_income": 57000000,
      "opex": null,
      "cogs": 786000000,
      "rd": null,
      "sga": 53000000,
      "fcf": 127000000,
      "ocf": 127000000,
      "capex": null,
      "gross_margin": 0.14285714285714285,
      "op_margin": null,
      "fcf_margin": 0.13849509269356597,
      "rev_growth_yoy": -0.06428571428571428,
      "rev_growth_yoy_accel": -0.01990701606086221,
      "fcf_margin_change": 0.04045587700729146
    },
    {
      "date": "2025-12-31T00:00:00",
      "quarter_label": "2025-12 (Q4)",
      "revenue": 948000000,
      "gross_profit": 122000000,
      "operating_income": null,
      "net_income": 74000000,
      "opex": null,
      "cogs": 826000000,
      "rd": null,
      "sga": 54000000,
      "fcf": 118000000,
      "ocf": 118000000,
      "capex": null,
      "gross_margin": 0.12869198312236288,
      "op_margin": null,
      "fcf_margin": 0.12447257383966245,
      "rev_growth_yoy": 0.009584664536741214,
      "rev_growth_yoy_accel": 0.07387037882245549,
      "fcf_margin_change": -0.014022518853903515
    }
  ],
  "signals": [
    {
      "quarter": "2025-12 (Q4)",
      "signal": "YoY REVENUE GROWTH ACCELERATION",
      "detail": "YoY growth: +1.0% vs prior quarter YoY: -6.4% (accel: +7.4%)",
      "severity": "MEDIUM"
    },
    {
      "quarter": "2025-03 (Q1)",
      "signal": "YoY REVENUE GROWTH ACCELERATION",
      "detail": "YoY growth: +0.1% vs prior quarter YoY: -5.2% (accel: +5.3%)",
      "severity": "MEDIUM"
    },
    {
      "quarter": "2024-12 (Q4)",
      "signal": "FCF MARGIN EXPANSION",
      "detail": "FCF margin: +10.0% -> +21.6% (+11.6%)",
      "severity": "MEDIUM"
    },
    {
      "quarter": "2024-09 (Q3)",
      "signal": "YoY REVENUE GROWTH DECELERATION",
      "detail": "YoY growth: -3.4% vs prior quarter YoY: +3.2% (decel: -6.5%)",
      "severity": "WARNING"
    },
    {
      "quarter": "2024-06 (Q2)",
      "signal": "YoY REVENUE GROWTH ACCELERATION",
      "detail": "YoY growth: +3.2% vs prior quarter YoY: -3.5% (accel: +6.7%)",
      "severity": "MEDIUM"
    },
    {
      "quarter": "2023-12 (Q4)",
      "signal": "YoY REVENUE GROWTH DECELERATION",
      "detail": "YoY growth: -7.0% vs prior quarter YoY: -1.2% (decel: -5.8%)",
      "severity": "WARNING"
    },
    {
      "quarter": "2023-09 (Q3)",
      "signal": "FCF MARGIN EXPANSION",
      "detail": "FCF margin: +6.2% -> +12.5% (+6.3%)",
      "severity": "MEDIUM"
    },
    {
      "quarter": "2023-09 (Q3)",
      "signal": "GROSS MARGIN INFLECTION",
      "detail": "GM: +11.4% -> +10.6% -> +14.1% (reversal +3.5%)",
      "severity": "MEDIUM"
    },
    {
      "quarter": "2023-09 (Q3)",
      "signal": "YoY REVENUE GROWTH DECELERATION",
      "detail": "YoY growth: -1.2% vs prior quarter YoY: +15.9% (decel: -17.1%)",
      "severity": "WARNING"
    },
    {
      "quarter": "2023-06 (Q2)",
      "signal": "FCF TURNED POSITIVE",
      "detail": "FCF margin: -2.0% -> +6.2%",
      "severity": "HIGH"
    },
    {
      "quarter": "2023-03 (Q1)",
      "signal": "YoY REVENUE GROWTH DECELERATION",
      "detail": "YoY growth: +18.2% vs prior quarter YoY: +35.4% (decel: -17.2%)",
      "severity": "WARNING"
    },
    {
      "quarter": "2022-12 (Q4)",
      "signal": "FCF MARGIN EXPANSION",
      "detail": "FCF margin: +7.2% -> +15.5% (+8.3%)",
      "severity": "MEDIUM"
    },
    {
      "quarter": "2022-12 (Q4)",
      "signal": "YoY REVENUE GROWTH DECELERATION",
      "detail": "YoY growth: +35.4% vs prior quarter YoY: +62.6% (decel: -27.2%)",
      "severity": "WARNING"
    },
    {
      "quarter": "2022-09 (Q3)",
      "signal": "FCF TURNED POSITIVE",
      "detail": "FCF margin: -6.0% -> +7.2%",
      "severity": "HIGH"
    },
    {
      "quarter": "2022-09 (Q3)",
      "signal": "YoY REVENUE GROWTH ACCELERATION",
      "detail": "YoY growth: +62.6% vs prior quarter YoY: +39.0% (accel: +23.6%)",
      "severity": "HIGH"
    },
    {
      "quarter": "2022-06 (Q2)",
      "signal": "YoY REVENUE GROWTH ACCELERATION",
      "detail": "YoY growth: +39.0% vs prior quarter YoY: +9.7% (accel: +29.4%)",
      "severity": "HIGH"
    },
    {
      "quarter": "2021-12 (Q4)",
      "signal": "FCF TURNED POSITIVE",
      "detail": "FCF margin: -2.1% -> +8.9%",
      "severity": "HIGH"
    }
  ],
  "data_quality": {
    "n_quarters": 20,
    "coverage": {
      "revenue": [
        20,
        20
      ],
      "gross_profit": [
        20,
        20
      ],
      "op_income": [
        0,
        20
      ],
      "fcf": [
        20,
        20
      ]
    },
    "gaps": [],
    "warnings": [
      "op_income: no data"
    ]
  },
  "market_cap": null,
  "source": "SEC EDGAR",
  "last_updated": "2026-02-24T10:23:09.363880"
}