{
  "ticker": "VCTR",
  "name": "Victory Capital Holdings, Inc.",
  "quarters": [
    {
      "date": "2020-12-31T00:00:00",
      "quarter_label": "2020-12 (Q4)",
      "revenue": 200388000,
      "gross_profit": null,
      "operating_income": 77683000,
      "net_income": 54895000,
      "opex": 122705000,
      "cogs": null,
      "rd": null,
      "sga": null,
      "fcf": 66883000,
      "ocf": 67896000,
      "capex": -1013000,
      "gross_margin": null,
      "op_margin": 0.38766293390821804,
      "fcf_margin": 0.3337674910673294
    },
    {
      "date": "2021-03-31T00:00:00",
      "quarter_label": "2021-03 (Q1)",
      "revenue": 212949000,
      "gross_profit": null,
      "operating_income": 89756000,
      "net_income": 65202000,
      "opex": 123193000,
      "cogs": null,
      "rd": null,
      "sga": null,
      "fcf": 79241000,
      "ocf": 79634000,
      "capex": -393000,
      "gross_margin": null,
      "op_margin": 0.42149059164400865,
      "fcf_margin": 0.3721125715546915,
      "op_leverage_ratio": 15.761405506514082,
      "fcf_margin_change": 0.038345080487362126
    },
    {
      "date": "2021-06-30T00:00:00",
      "quarter_label": "2021-06 (Q2)",
      "revenue": 221904000,
      "gross_profit": null,
      "operating_income": 95268000,
      "net_income": 69270000,
      "opex": 126636000,
      "cogs": null,
      "rd": null,
      "sga": null,
      "fcf": 79364000,
      "ocf": 84538000,
      "capex": -5174000,
      "gross_margin": null,
      "op_margin": 0.4293207873675103,
      "fcf_margin": 0.3576501550219915,
      "op_leverage_ratio": 1.504662141105984,
      "fcf_margin_change": -0.014462416532700029
    },
    {
      "date": "2021-09-30T00:00:00",
      "quarter_label": "2021-09 (Q3)",
      "revenue": 226290000,
      "gross_profit": null,
      "operating_income": 98997000,
      "net_income": 74175000,
      "opex": 127293000,
      "cogs": null,
      "rd": null,
      "sga": null,
      "fcf": 97158000,
      "ocf": 99889000,
      "capex": -2731000,
      "gross_margin": null,
      "op_margin": 0.4374784568474082,
      "fcf_margin": 0.429351716823545,
      "op_leverage_ratio": 3.809739766523744,
      "fcf_margin_change": 0.07170156180155351
    },
    {
      "date": "2021-12-31T00:00:00",
      "quarter_label": "2021-12 (Q4)",
      "revenue": 229122000,
      "gross_profit": null,
      "operating_income": 89824000,
      "net_income": 69742000,
      "opex": 139298000,
      "cogs": null,
      "rd": null,
      "sga": null,
      "fcf": 107759000,
      "ocf": 112135000,
      "capex": -4376000,
      "gross_margin": null,
      "op_margin": 0.39203568404605404,
      "fcf_margin": 0.4703127591414181,
      "incr_op_margin_yoy": 0.42253079974942576,
      "rev_growth_yoy": 0.14339181986945326,
      "op_leverage_ratio": 0.13269979260376008,
      "fcf_margin_change": 0.04096104231787312
    },
    {
      "date": "2022-03-31T00:00:00",
      "quarter_label": "2022-03 (Q1)",
      "revenue": 230019000,
      "gross_profit": null,
      "operating_income": 101539000,
      "net_income": 71273000,
      "opex": 128480000,
      "cogs": null,
      "rd": null,
      "sga": null,
      "fcf": 73637000,
      "ocf": 74813000,
      "capex": -1176000,
      "gross_margin": null,
      "op_margin": 0.4414374464718132,
      "fcf_margin": 0.320134423678044,
      "incr_op_margin_yoy": 0.6902753368482718,
      "rev_growth_yoy": 0.08016003831903414,
      "rev_growth_yoy_accel": -0.06323178155041913,
      "fcf_margin_change": -0.1501783354633741
    },
    {
      "date": "2022-06-30T00:00:00",
      "quarter_label": "2022-06 (Q2)",
      "revenue": 216006000,
      "gross_profit": null,
      "operating_income": 119326000,
      "net_income": 79205000,
      "opex": 96680000,
      "cogs": null,
      "rd": null,
      "sga": null,
      "fcf": 88508000,
      "ocf": 90242000,
      "capex": -1734000,
      "gross_margin": null,
      "op_margin": 0.5524198401896243,
      "fcf_margin": 0.40974787737377666,
      "incr_op_margin_yoy": -4.0790098338419805,
      "rev_growth_yoy": -0.026579061215660827,
      "rev_growth_yoy_accel": -0.10673909953469496,
      "fcf_margin_change": 0.08961345369573265
    },
    {
      "date": "2022-09-30T00:00:00",
      "quarter_label": "2022-09 (Q3)",
      "revenue": 207260000,
      "gross_profit": null,
      "operating_income": 98640000,
      "net_income": 72764000,
      "opex": 108620000,
      "cogs": null,
      "rd": null,
      "sga": null,
      "fcf": 101688000,
      "ocf": 103064000,
      "capex": -1376000,
      "gross_margin": null,
      "op_margin": 0.47592396024317285,
      "fcf_margin": 0.49063012641127085,
      "incr_op_margin_yoy": 0.018759852863899106,
      "rev_growth_yoy": -0.0840956295019665,
      "rev_growth_yoy_accel": -0.05751656828630568,
      "fcf_margin_change": 0.08088224903749419
    },
    {
      "date": "2022-12-31T00:00:00",
      "quarter_label": "2022-12 (Q4)",
      "revenue": 201515000,
      "gross_profit": null,
      "operating_income": 79603000,
      "net_income": 52269000,
      "opex": 121912000,
      "cogs": null,
      "rd": null,
      "sga": null,
      "fcf": 66133000,
      "ocf": 67092000,
      "capex": -959000,
      "gross_margin": null,
      "op_margin": 0.39502270302458875,
      "fcf_margin": 0.32817904374364193,
      "incr_op_margin_yoy": 0.3702321874886804,
      "rev_growth_yoy": -0.12049039376402092,
      "rev_growth_yoy_accel": -0.036394764262054416,
      "fcf_margin_change": -0.16245108266762892
    },
    {
      "date": "2023-03-31T00:00:00",
      "quarter_label": "2023-03 (Q1)",
      "revenue": 201320000,
      "gross_profit": null,
      "operating_income": 74565000,
      "net_income": 49273000,
      "opex": 126755000,
      "cogs": null,
      "rd": null,
      "sga": null,
      "fcf": 63584000,
      "ocf": 64156000,
      "capex": -572000,
      "gross_margin": null,
      "op_margin": 0.370380488774091,
      "fcf_margin": 0.3158354857937612,
      "incr_op_margin_yoy": 0.9398933760758215,
      "rev_growth_yoy": -0.12476795395163008,
      "rev_growth_yoy_accel": -0.004277560187609164,
      "fcf_margin_change": -0.012343557949880735
    },
    {
      "date": "2023-06-30T00:00:00",
      "quarter_label": "2023-06 (Q2)",
      "revenue": 204226000,
      "gross_profit": null,
      "operating_income": 87526000,
      "net_income": 56671000,
      "opex": 116700000,
      "cogs": null,
      "rd": null,
      "sga": null,
      "fcf": 75406000,
      "ocf": 77406000,
      "capex": -2000000,
      "gross_margin": null,
      "op_margin": 0.42857422659210875,
      "fcf_margin": 0.36922820796568506,
      "incr_op_margin_yoy": 2.699490662139219,
      "rev_growth_yoy": -0.05453552216142144,
      "rev_growth_yoy_accel": 0.07023243179020863,
      "op_leverage_ratio": Infinity,
      "fcf_margin_change": 0.05339272217192387
    },
    {
      "date": "2023-09-30T00:00:00",
      "quarter_label": "2023-09 (Q3)",
      "revenue": 209688000,
      "gross_profit": null,
      "operating_income": 80049000,
      "net_income": 52007000,
      "opex": 129639000,
      "cogs": null,
      "rd": null,
      "sga": null,
      "fcf": 89827000,
      "ocf": 91628000,
      "capex": -1801000,
      "gross_margin": null,
      "op_margin": 0.3817528900080119,
      "fcf_margin": 0.4283840753881958,
      "incr_op_margin_yoy": -7.656919275123559,
      "rev_growth_yoy": 0.011714754414744765,
      "rev_growth_yoy_accel": 0.06625027657616621,
      "op_leverage_ratio": 0.24121860842058135,
      "fcf_margin_change": 0.05915586742251072
    },
    {
      "date": "2023-12-31T00:00:00",
      "quarter_label": "2023-12 (Q4)",
      "revenue": 205794000,
      "gross_profit": null,
      "operating_income": 86318000,
      "net_income": 55206000,
      "opex": 119476000,
      "cogs": null,
      "rd": null,
      "sga": null,
      "fcf": 96305000,
      "ocf": 97101000,
      "capex": -796000,
      "gross_margin": null,
      "op_margin": 0.41943885633206024,
      "fcf_margin": 0.46796796796796797,
      "incr_op_margin_yoy": 1.5692918906286515,
      "rev_growth_yoy": 0.021234151303873162,
      "rev_growth_yoy_accel": 0.009519396889128397,
      "fcf_margin_change": 0.039583892579772184
    },
    {
      "date": "2024-03-31T00:00:00",
      "quarter_label": "2024-03 (Q1)",
      "revenue": 215857000,
      "gross_profit": null,
      "operating_income": 84809000,
      "net_income": 55691000,
      "opex": 131048000,
      "cogs": null,
      "rd": null,
      "sga": null,
      "fcf": 68184000,
      "ocf": 68684000,
      "capex": -500000,
      "gross_margin": null,
      "op_margin": 0.39289436988376564,
      "fcf_margin": 0.315875788137517,
      "incr_op_margin_yoy": 0.7046845979225425,
      "rev_growth_yoy": 0.07220842439896683,
      "rev_growth_yoy_accel": 0.05097427309509366,
      "op_leverage_ratio": 0.5048554086355407,
      "fcf_margin_change": -0.15209217983045098
    },
    {
      "date": "2024-06-30T00:00:00",
      "quarter_label": "2024-06 (Q2)",
      "revenue": 219621000,
      "gross_profit": null,
      "operating_income": 110597000,
      "net_income": 74251000,
      "opex": 109024000,
      "cogs": null,
      "rd": null,
      "sga": null,
      "fcf": 79479000,
      "ocf": 79704000,
      "capex": -225000,
      "gross_margin": null,
      "op_margin": 0.503581169378156,
      "fcf_margin": 0.36189162238583744,
      "incr_op_margin_yoy": 1.4986034426761936,
      "rev_growth_yoy": 0.07538217464965284,
      "rev_growth_yoy_accel": 0.0031737502506860166,
      "op_leverage_ratio": Infinity,
      "fcf_margin_change": 0.04601583424832045
    },
    {
      "date": "2024-09-30T00:00:00",
      "quarter_label": "2024-09 (Q3)",
      "revenue": 225628000,
      "gross_profit": null,
      "operating_income": 120363000,
      "net_income": 81983000,
      "opex": 105265000,
      "cogs": null,
      "rd": null,
      "sga": null,
      "fcf": 99382000,
      "ocf": 99780000,
      "capex": -398000,
      "gross_margin": null,
      "op_margin": 0.5334577268778697,
      "fcf_margin": 0.440468381583846,
      "incr_op_margin_yoy": 2.5291091593475534,
      "rev_growth_yoy": 0.07601770249132044,
      "rev_growth_yoy_accel": 0.0006355278416675936,
      "op_leverage_ratio": Infinity,
      "fcf_margin_change": 0.07857675919800855
    },
    {
      "date": "2024-12-31T00:00:00",
      "quarter_label": "2024-12 (Q4)",
      "revenue": 232371000,
      "gross_profit": null,
      "operating_income": 111745000,
      "net_income": 76939000,
      "opex": 120626000,
      "cogs": null,
      "rd": null,
      "sga": null,
      "fcf": 91656000,
      "ocf": 91811000,
      "capex": -155000,
      "gross_margin": null,
      "op_margin": 0.48089047256327166,
      "fcf_margin": 0.3944382044230993,
      "incr_op_margin_yoy": 0.9567295029536818,
      "rev_growth_yoy": 0.12914370681360973,
      "rev_growth_yoy_accel": 0.0531260043222893,
      "op_leverage_ratio": 0.20479750977556954,
      "fcf_margin_change": -0.0460301771607467
    },
    {
      "date": "2025-03-31T00:00:00",
      "quarter_label": "2025-03 (Q1)",
      "revenue": 219602000,
      "gross_profit": null,
      "operating_income": 92908000,
      "net_income": 61975000,
      "opex": 126694000,
      "cogs": null,
      "rd": null,
      "sga": null,
      "fcf": 79505000,
      "ocf": 81094000,
      "capex": -1589000,
      "gross_margin": null,
      "op_margin": 0.42307447108860574,
      "fcf_margin": 0.3620413293139407,
      "incr_op_margin_yoy": 2.1626168224299067,
      "rev_growth_yoy": 0.01734944894073391,
      "rev_growth_yoy_accel": -0.11179425787287582,
      "fcf_margin_change": -0.03239687510915862
    },
    {
      "date": "2025-06-30T00:00:00",
      "quarter_label": "2025-06 (Q2)",
      "revenue": 351212000,
      "gross_profit": null,
      "operating_income": 94214000,
      "net_income": 58734000,
      "opex": 256998000,
      "cogs": null,
      "rd": null,
      "sga": null,
      "fcf": -7482000,
      "ocf": -6592000,
      "capex": -890000,
      "gross_margin": null,
      "op_margin": 0.2682539320979921,
      "fcf_margin": -0.021303372322130223,
      "incr_op_margin_yoy": -0.12449939585533965,
      "rev_growth_yoy": 0.5991731209674849,
      "rev_growth_yoy_accel": 0.581823672026751,
      "op_leverage_ratio": 0.5827078897042961,
      "fcf_margin_change": -0.3833447016360709
    },
    {
      "date": "2025-09-30T00:00:00",
      "quarter_label": "2025-09 (Q3)",
      "revenue": 361195000,
      "gross_profit": null,
      "operating_income": 138126000,
      "net_income": 96541000,
      "opex": 223069000,
      "cogs": null,
      "rd": null,
      "sga": null,
      "fcf": 164828000,
      "ocf": 165907000,
      "capex": -1079000,
      "gross_margin": null,
      "op_margin": 0.38241393153282854,
      "fcf_margin": 0.4563407577624275,
      "incr_op_margin_yoy": 0.13102746243554847,
      "rev_growth_yoy": 0.6008429804811459,
      "rev_growth_yoy_accel": 0.001669859513661054,
      "op_leverage_ratio": Infinity,
      "fcf_margin_change": 0.4776441300845577
    }
  ],
  "signals": [
    {
      "quarter": "2025-09 (Q3)",
      "signal": "FCF TURNED POSITIVE",
      "detail": "FCF margin: -2.1% -> +45.6%",
      "severity": "HIGH"
    },
    {
      "quarter": "2025-06 (Q2)",
      "signal": "YoY REVENUE GROWTH ACCELERATION",
      "detail": "YoY growth: +59.9% vs prior quarter YoY: +1.7% (accel: +58.2%)",
      "severity": "HIGH"
    },
    {
      "quarter": "2025-03 (Q1)",
      "signal": "YoY REVENUE GROWTH DECELERATION",
      "detail": "YoY growth: +1.7% vs prior quarter YoY: +12.9% (decel: -11.2%)",
      "severity": "WARNING"
    },
    {
      "quarter": "2025-03 (Q1)",
      "signal": "INCREMENTAL MARGIN (YoY)",
      "detail": "YoY Incr OPM: +216.3% vs year-ago OPM: +39.3%",
      "severity": "HIGH"
    },
    {
      "quarter": "2024-12 (Q4)",
      "signal": "YoY REVENUE GROWTH ACCELERATION",
      "detail": "YoY growth: +12.9% vs prior quarter YoY: +7.6% (accel: +5.3%)",
      "severity": "MEDIUM"
    },
    {
      "quarter": "2024-12 (Q4)",
      "signal": "INCREMENTAL MARGIN (YoY)",
      "detail": "YoY Incr OPM: +95.7% vs year-ago OPM: +41.9%",
      "severity": "HIGH"
    },
    {
      "quarter": "2024-09 (Q3)",
      "signal": "FCF MARGIN EXPANSION",
      "detail": "FCF margin: +36.2% -> +44.0% (+7.9%)",
      "severity": "MEDIUM"
    },
    {
      "quarter": "2024-09 (Q3)",
      "signal": "INCREMENTAL MARGIN (YoY)",
      "detail": "YoY Incr OPM: +252.9% vs year-ago OPM: +38.2%",
      "severity": "HIGH"
    },
    {
      "quarter": "2024-06 (Q2)",
      "signal": "INCREMENTAL MARGIN (YoY)",
      "detail": "YoY Incr OPM: +149.9% vs year-ago OPM: +42.9%",
      "severity": "HIGH"
    },
    {
      "quarter": "2024-03 (Q1)",
      "signal": "YoY REVENUE GROWTH ACCELERATION",
      "detail": "YoY growth: +7.2% vs prior quarter YoY: +2.1% (accel: +5.1%)",
      "severity": "MEDIUM"
    },
    {
      "quarter": "2024-03 (Q1)",
      "signal": "INCREMENTAL MARGIN (YoY)",
      "detail": "YoY Incr OPM: +70.5% vs year-ago OPM: +37.0%",
      "severity": "HIGH"
    },
    {
      "quarter": "2023-12 (Q4)",
      "signal": "INCREMENTAL MARGIN (YoY)",
      "detail": "YoY Incr OPM: +156.9% vs year-ago OPM: +39.5%",
      "severity": "HIGH"
    },
    {
      "quarter": "2023-09 (Q3)",
      "signal": "FCF MARGIN EXPANSION",
      "detail": "FCF margin: +36.9% -> +42.8% (+5.9%)",
      "severity": "MEDIUM"
    },
    {
      "quarter": "2023-09 (Q3)",
      "signal": "YoY REVENUE GROWTH ACCELERATION",
      "detail": "YoY growth: +1.2% vs prior quarter YoY: -5.5% (accel: +6.6%)",
      "severity": "MEDIUM"
    },
    {
      "quarter": "2023-06 (Q2)",
      "signal": "FCF MARGIN EXPANSION",
      "detail": "FCF margin: +31.6% -> +36.9% (+5.3%)",
      "severity": "MEDIUM"
    },
    {
      "quarter": "2023-06 (Q2)",
      "signal": "YoY REVENUE GROWTH ACCELERATION",
      "detail": "YoY growth: -5.5% vs prior quarter YoY: -12.5% (accel: +7.0%)",
      "severity": "MEDIUM"
    },
    {
      "quarter": "2023-06 (Q2)",
      "signal": "INCREMENTAL MARGIN (YoY)",
      "detail": "YoY Incr OPM: +269.9% vs year-ago OPM: +55.2%",
      "severity": "HIGH"
    },
    {
      "quarter": "2023-03 (Q1)",
      "signal": "INCREMENTAL MARGIN (YoY)",
      "detail": "YoY Incr OPM: +94.0% vs year-ago OPM: +44.1%",
      "severity": "HIGH"
    },
    {
      "quarter": "2022-09 (Q3)",
      "signal": "FCF MARGIN EXPANSION",
      "detail": "FCF margin: +41.0% -> +49.1% (+8.1%)",
      "severity": "MEDIUM"
    },
    {
      "quarter": "2022-09 (Q3)",
      "signal": "YoY REVENUE GROWTH DECELERATION",
      "detail": "YoY growth: -8.4% vs prior quarter YoY: -2.7% (decel: -5.8%)",
      "severity": "WARNING"
    },
    {
      "quarter": "2022-06 (Q2)",
      "signal": "FCF MARGIN EXPANSION",
      "detail": "FCF margin: +32.0% -> +41.0% (+9.0%)",
      "severity": "MEDIUM"
    },
    {
      "quarter": "2022-06 (Q2)",
      "signal": "YoY REVENUE GROWTH DECELERATION",
      "detail": "YoY growth: -2.7% vs prior quarter YoY: +8.0% (decel: -10.7%)",
      "severity": "WARNING"
    },
    {
      "quarter": "2022-03 (Q1)",
      "signal": "YoY REVENUE GROWTH DECELERATION",
      "detail": "YoY growth: +8.0% vs prior quarter YoY: +14.3% (decel: -6.3%)",
      "severity": "WARNING"
    },
    {
      "quarter": "2022-03 (Q1)",
      "signal": "INCREMENTAL MARGIN (YoY)",
      "detail": "YoY Incr OPM: +69.0% vs year-ago OPM: +42.1%",
      "severity": "HIGH"
    },
    {
      "quarter": "2021-09 (Q3)",
      "signal": "FCF MARGIN EXPANSION",
      "detail": "FCF margin: +35.8% -> +42.9% (+7.2%)",
      "severity": "MEDIUM"
    },
    {
      "quarter": "2021-09 (Q3)",
      "signal": "OPERATING LEVERAGE",
      "detail": "Rev growth +2.0% vs OpEx growth +0.5% (leverage: 3.8x)",
      "severity": "MEDIUM"
    },
    {
      "quarter": "2021-06 (Q2)",
      "signal": "OPERATING LEVERAGE",
      "detail": "Rev growth +4.2% vs OpEx growth +2.8% (leverage: 1.5x)",
      "severity": "MEDIUM"
    },
    {
      "quarter": "2021-03 (Q1)",
      "signal": "OPERATING LEVERAGE",
      "detail": "Rev growth +6.3% vs OpEx growth +0.4% (leverage: 15.8x)",
      "severity": "MEDIUM"
    }
  ],
  "data_quality": {
    "n_quarters": 20,
    "coverage": {
      "revenue": [
        20,
        20
      ],
      "gross_profit": [
        0,
        20
      ],
      "op_income": [
        20,
        20
      ],
      "fcf": [
        20,
        20
      ]
    },
    "gaps": [],
    "warnings": [
      "gross_profit: no data"
    ]
  },
  "market_cap": null,
  "source": "SEC EDGAR",
  "last_updated": "2026-02-02T21:08:19.793488"
}