{
  "ticker": "VCYT",
  "name": "VERACYTE, INC.",
  "quarters": [
    {
      "date": "2020-12-31T00:00:00",
      "quarter_label": "2020-12 (Q4)",
      "revenue": 34536000,
      "gross_profit": null,
      "operating_income": -8072000,
      "net_income": -8044000,
      "opex": 42608000,
      "cogs": null,
      "rd": 4586000,
      "sga": null,
      "fcf": 1373000,
      "ocf": 2261000,
      "capex": -888000,
      "gross_margin": null,
      "op_margin": -0.23372712531850823,
      "fcf_margin": 0.03975561732684735
    },
    {
      "date": "2021-03-31T00:00:00",
      "quarter_label": "2021-03 (Q1)",
      "revenue": 36703000,
      "gross_profit": null,
      "operating_income": -45415000,
      "net_income": -41868000,
      "opex": 82118000,
      "cogs": null,
      "rd": 5336000,
      "sga": null,
      "fcf": -41757000,
      "ocf": -40561000,
      "capex": -1196000,
      "gross_margin": null,
      "op_margin": -1.2373647930686864,
      "fcf_margin": -1.1376999155382395,
      "op_leverage_ratio": 0.06766607645065065,
      "fcf_margin_change": -1.1774555328650869
    },
    {
      "date": "2021-06-30T00:00:00",
      "quarter_label": "2021-06 (Q2)",
      "revenue": 55105000,
      "gross_profit": null,
      "operating_income": -7474000,
      "net_income": -9038000,
      "opex": 62579000,
      "cogs": null,
      "rd": 6249000,
      "sga": null,
      "fcf": 360000,
      "ocf": 1887000,
      "capex": -1527000,
      "gross_margin": null,
      "op_margin": -0.13563197531984394,
      "fcf_margin": 0.0065329824879774975,
      "op_leverage_ratio": Infinity,
      "fcf_margin_change": 1.1442328980262169
    },
    {
      "date": "2021-09-30T00:00:00",
      "quarter_label": "2021-09 (Q3)",
      "revenue": 60370000,
      "gross_profit": null,
      "operating_income": -16681000,
      "net_income": -14129000,
      "opex": 77051000,
      "cogs": null,
      "rd": 8006000,
      "sga": null,
      "fcf": -3205000,
      "ocf": -1393000,
      "capex": -1812000,
      "gross_margin": null,
      "op_margin": -0.27631273811495777,
      "fcf_margin": -0.053089282756335926,
      "op_leverage_ratio": 0.41314969251374917,
      "fcf_margin_change": -0.059622265244313424
    },
    {
      "date": "2021-12-31T00:00:00",
      "quarter_label": "2021-12 (Q4)",
      "revenue": 67336000,
      "gross_profit": null,
      "operating_income": -12333000,
      "net_income": -10528000,
      "opex": 79669000,
      "cogs": null,
      "rd": 10252000,
      "sga": null,
      "fcf": 7605000,
      "ocf": 8446000,
      "capex": -841000,
      "gross_margin": null,
      "op_margin": -0.1831561126292028,
      "fcf_margin": 0.1129410716407271,
      "incr_op_margin_yoy": -0.12990853658536586,
      "rev_growth_yoy": 0.9497336113041464,
      "op_leverage_ratio": 3.3960254139453006,
      "fcf_margin_change": 0.16603035439706304
    },
    {
      "date": "2022-03-31T00:00:00",
      "quarter_label": "2022-03 (Q1)",
      "revenue": 67783000,
      "gross_profit": null,
      "operating_income": -15248000,
      "net_income": -14461000,
      "opex": 83031000,
      "cogs": null,
      "rd": 9166000,
      "sga": null,
      "fcf": -11325000,
      "ocf": -8872000,
      "capex": -2453000,
      "gross_margin": null,
      "op_margin": -0.22495315934673885,
      "fcf_margin": -0.1670772907661213,
      "incr_op_margin_yoy": 0.9706241956241957,
      "rev_growth_yoy": 0.8467972645287851,
      "rev_growth_yoy_accel": -0.10293634677536123,
      "fcf_margin_change": -0.2800183624068484
    },
    {
      "date": "2022-06-30T00:00:00",
      "quarter_label": "2022-06 (Q2)",
      "revenue": 72864000,
      "gross_profit": null,
      "operating_income": -10733000,
      "net_income": -9532000,
      "opex": 83597000,
      "cogs": null,
      "rd": 9377000,
      "sga": null,
      "fcf": -2873000,
      "ocf": -363000,
      "capex": -2510000,
      "gross_margin": null,
      "op_margin": -0.1473018225735617,
      "fcf_margin": -0.039429622310057096,
      "incr_op_margin_yoy": -0.18351258516808377,
      "rev_growth_yoy": 0.3222756555666455,
      "rev_growth_yoy_accel": -0.5245216089621396,
      "op_leverage_ratio": 10.996443467563216,
      "fcf_margin_change": 0.1276476684560642
    },
    {
      "date": "2022-09-30T00:00:00",
      "quarter_label": "2022-09 (Q3)",
      "revenue": 75592000,
      "gross_profit": null,
      "operating_income": -9680000,
      "net_income": -8723000,
      "opex": 85272000,
      "cogs": null,
      "rd": 10773000,
      "sga": null,
      "fcf": 5312000,
      "ocf": 7026000,
      "capex": -1714000,
      "gross_margin": null,
      "op_margin": -0.1280558789289872,
      "fcf_margin": 0.07027198645359298,
      "incr_op_margin_yoy": 0.459926422283537,
      "rev_growth_yoy": 0.2521451051846944,
      "rev_growth_yoy_accel": -0.0701305503819511,
      "op_leverage_ratio": 1.868560819092941,
      "fcf_margin_change": 0.10970160876365007
    },
    {
      "date": "2022-12-31T00:00:00",
      "quarter_label": "2022-12 (Q4)",
      "revenue": 80297000,
      "gross_profit": null,
      "operating_income": -5420000,
      "net_income": -3844000,
      "opex": 85717000,
      "cogs": null,
      "rd": 11287000,
      "sga": null,
      "fcf": 7872000,
      "ocf": 9744000,
      "capex": -1872000,
      "gross_margin": null,
      "op_margin": -0.06749940844614369,
      "fcf_margin": 0.09803604119705593,
      "incr_op_margin_yoy": 0.5333693387855876,
      "rev_growth_yoy": 0.19248247594154688,
      "rev_growth_yoy_accel": -0.059662629243147525,
      "op_leverage_ratio": 11.926972832271652,
      "fcf_margin_change": 0.027764054743462954
    },
    {
      "date": "2023-03-31T00:00:00",
      "quarter_label": "2023-03 (Q1)",
      "revenue": 82422000,
      "gross_profit": null,
      "operating_income": -10498000,
      "net_income": -8091000,
      "opex": 92920000,
      "cogs": null,
      "rd": 12769000,
      "sga": null,
      "fcf": -3165000,
      "ocf": -2172000,
      "capex": -993000,
      "gross_margin": null,
      "op_margin": -0.12736890635995243,
      "fcf_margin": -0.038399941763121496,
      "incr_op_margin_yoy": 0.3244757155543411,
      "rev_growth_yoy": 0.2159686056975938,
      "rev_growth_yoy_accel": 0.023486129756046914,
      "op_leverage_ratio": 0.3149293687280377,
      "fcf_margin_change": -0.13643598296017742
    },
    {
      "date": "2023-06-30T00:00:00",
      "quarter_label": "2023-06 (Q2)",
      "revenue": 90322000,
      "gross_profit": 55820000,
      "operating_income": -8051000,
      "net_income": -8402000,
      "opex": 98373000,
      "cogs": null,
      "rd": 12541000,
      "sga": null,
      "fcf": 13002000,
      "ocf": 16671000,
      "capex": -3669000,
      "gross_margin": 0.6180111157857443,
      "op_margin": -0.08913664444985718,
      "fcf_margin": 0.1439516396891123,
      "incr_op_margin_yoy": 0.15362584488486652,
      "rev_growth_yoy": 0.23959705753184013,
      "rev_growth_yoy_accel": 0.023628451834246333,
      "op_leverage_ratio": 1.633268725516894,
      "fcf_margin_change": 0.1823515814522338
    },
    {
      "date": "2023-09-30T00:00:00",
      "quarter_label": "2023-09 (Q3)",
      "revenue": 90108000,
      "gross_profit": 57687000,
      "operating_income": -31739000,
      "net_income": -29618000,
      "opex": 121847000,
      "cogs": null,
      "rd": 13322000,
      "sga": null,
      "fcf": 11369000,
      "ocf": 14171000,
      "capex": -2802000,
      "gross_margin": 0.6401984285524038,
      "op_margin": -0.3522328761042305,
      "fcf_margin": 0.1261708172415324,
      "incr_op_margin_yoy": -1.5196335078534031,
      "rev_growth_yoy": 0.1920309027410308,
      "rev_growth_yoy_accel": -0.047566154790809334,
      "fcf_margin_change": -0.01778082244757989
    },
    {
      "date": "2023-12-31T00:00:00",
      "quarter_label": "2023-12 (Q4)",
      "revenue": 98199000,
      "gross_profit": 64788000,
      "operating_income": -35507000,
      "net_income": -28293000,
      "opex": 133706000,
      "cogs": null,
      "rd": 18673000,
      "sga": null,
      "fcf": 13055000,
      "ocf": 15552000,
      "capex": -2497000,
      "gross_margin": 0.6597623193718877,
      "op_margin": -0.36158209350400716,
      "fcf_margin": 0.13294432733530892,
      "incr_op_margin_yoy": -1.6806502066808178,
      "rev_growth_yoy": 0.22294730811860966,
      "rev_growth_yoy_accel": 0.030916405377578865,
      "op_leverage_ratio": 0.9225833713263623,
      "fcf_margin_change": 0.006773510093776525
    },
    {
      "date": "2024-03-31T00:00:00",
      "quarter_label": "2024-03 (Q1)",
      "revenue": 96844000,
      "gross_profit": 62468000,
      "operating_income": -4656000,
      "net_income": -1864000,
      "opex": 101500000,
      "cogs": null,
      "rd": 15965000,
      "sga": null,
      "fcf": -11100000,
      "ocf": -8966000,
      "capex": -2134000,
      "gross_margin": 0.6450373797034405,
      "op_margin": -0.048077320226343395,
      "fcf_margin": -0.11461732270455578,
      "incr_op_margin_yoy": 0.4050755789765636,
      "rev_growth_yoy": 0.17497755453641017,
      "rev_growth_yoy_accel": -0.04796975358219949,
      "fcf_margin_change": -0.2475616500398647
    },
    {
      "date": "2024-06-30T00:00:00",
      "quarter_label": "2024-06 (Q2)",
      "revenue": 114428000,
      "gross_profit": 77913000,
      "operating_income": 4606000,
      "net_income": 5734000,
      "opex": 73307000,
      "cogs": null,
      "rd": 16465000,
      "sga": null,
      "fcf": 26805000,
      "ocf": 29575000,
      "capex": -2770000,
      "gross_margin": 0.6808910406543853,
      "op_margin": 0.04025238577970427,
      "fcf_margin": 0.2342521061278708,
      "incr_op_margin_yoy": 0.5250560026549407,
      "rev_growth_yoy": 0.2668895728615398,
      "rev_growth_yoy_accel": 0.09191201832512963,
      "op_leverage_ratio": Infinity,
      "fcf_margin_change": 0.3488694288324266
    },
    {
      "date": "2024-09-30T00:00:00",
      "quarter_label": "2024-09 (Q3)",
      "revenue": 115860000,
      "gross_profit": 79010000,
      "operating_income": 12017000,
      "net_income": 15155000,
      "opex": 66993000,
      "cogs": null,
      "rd": 17574000,
      "sga": null,
      "fcf": 27721000,
      "ocf": 29963000,
      "capex": -2242000,
      "gross_margin": 0.6819437251855688,
      "op_margin": 0.10372000690488521,
      "fcf_margin": 0.23926290350422924,
      "incr_op_margin_yoy": 1.699130164647406,
      "rev_growth_yoy": 0.28579038487148756,
      "rev_growth_yoy_accel": 0.018900812009947754,
      "op_leverage_ratio": Infinity,
      "fcf_margin_change": 0.005010797376358428
    },
    {
      "date": "2024-12-31T00:00:00",
      "quarter_label": "2024-12 (Q4)",
      "revenue": 118632000,
      "gross_profit": 78754000,
      "operating_income": 4175000,
      "net_income": 5113000,
      "opex": 74579000,
      "cogs": null,
      "rd": 19290000,
      "sga": null,
      "fcf": 20383000,
      "ocf": 24524000,
      "capex": -4141000,
      "gross_margin": 0.6638512374401511,
      "op_margin": 0.03519286533144514,
      "fcf_margin": 0.1718170476768494,
      "incr_op_margin_yoy": 1.9420545196495864,
      "rev_growth_yoy": 0.208077475330706,
      "rev_growth_yoy_accel": -0.07771290954078156,
      "op_leverage_ratio": 0.2112887090791003,
      "fcf_margin_change": -0.06744585582737983
    },
    {
      "date": "2025-03-31T00:00:00",
      "quarter_label": "2025-03 (Q1)",
      "revenue": 114473000,
      "gross_profit": 79508000,
      "operating_income": 2904000,
      "net_income": 7047000,
      "opex": 76604000,
      "cogs": null,
      "rd": 17720000,
      "sga": null,
      "fcf": 3543000,
      "ocf": 5362000,
      "capex": -1819000,
      "gross_margin": 0.6945567950521083,
      "op_margin": 0.025368427489451662,
      "fcf_margin": 0.03095052981925869,
      "incr_op_margin_yoy": 0.42883884508480347,
      "rev_growth_yoy": 0.18203502540167693,
      "rev_growth_yoy_accel": -0.02604244992902907,
      "fcf_margin_change": -0.14086651785759072
    },
    {
      "date": "2025-06-30T00:00:00",
      "quarter_label": "2025-06 (Q2)",
      "revenue": 130164000,
      "gross_profit": 89769000,
      "operating_income": -5268000,
      "net_income": -980000,
      "opex": 95037000,
      "cogs": null,
      "rd": 16264000,
      "sga": null,
      "fcf": 32319000,
      "ocf": 33605000,
      "capex": -1286000,
      "gross_margin": 0.6896607356872868,
      "op_margin": -0.040472019913340096,
      "fcf_margin": 0.2482944592975016,
      "incr_op_margin_yoy": -0.6274783934926284,
      "rev_growth_yoy": 0.13751878910756107,
      "rev_growth_yoy_accel": -0.04451623629411586,
      "op_leverage_ratio": 0.5696432851638716,
      "fcf_margin_change": 0.2173439294782429
    },
    {
      "date": "2025-09-30T00:00:00",
      "quarter_label": "2025-09 (Q3)",
      "revenue": 131872000,
      "gross_profit": 91282000,
      "operating_income": 22946000,
      "net_income": 19137000,
      "opex": 68336000,
      "cogs": null,
      "rd": 15981000,
      "sga": null,
      "fcf": 41965000,
      "ocf": 44757000,
      "capex": -2792000,
      "gross_margin": 0.6922015287551565,
      "op_margin": 0.17400206260616355,
      "fcf_margin": 0.31822524872603736,
      "incr_op_margin_yoy": 0.6825505870597052,
      "rev_growth_yoy": 0.13820127740376317,
      "rev_growth_yoy_accel": 0.0006824882962020995,
      "op_leverage_ratio": Infinity,
      "fcf_margin_change": 0.06993078942853576
    }
  ],
  "signals": [
    {
      "quarter": "2025-09 (Q3)",
      "signal": "FCF MARGIN EXPANSION",
      "detail": "FCF margin: +24.8% -> +31.8% (+7.0%)",
      "severity": "MEDIUM"
    },
    {
      "quarter": "2025-09 (Q3)",
      "signal": "INCREMENTAL MARGIN (YoY)",
      "detail": "YoY Incr OPM: +68.3% vs year-ago OPM: +10.4%",
      "severity": "HIGH"
    },
    {
      "quarter": "2025-09 (Q3)",
      "signal": "OP MARGIN TURNED POSITIVE (QoQ)",
      "detail": "Op margin: -4.0% -> +17.4%",
      "severity": "HIGH"
    },
    {
      "quarter": "2025-06 (Q2)",
      "signal": "FCF MARGIN EXPANSION",
      "detail": "FCF margin: +3.1% -> +24.8% (+21.7%)",
      "severity": "MEDIUM"
    },
    {
      "quarter": "2025-03 (Q1)",
      "signal": "GROSS MARGIN INFLECTION",
      "detail": "GM: +68.2% -> +66.4% -> +69.5% (reversal +3.1%)",
      "severity": "MEDIUM"
    },
    {
      "quarter": "2025-03 (Q1)",
      "signal": "OP MARGIN TURNED POSITIVE (YoY)",
      "detail": "Op margin: -4.8% (year-ago) -> +2.5%",
      "severity": "HIGH"
    },
    {
      "quarter": "2024-12 (Q4)",
      "signal": "YoY REVENUE GROWTH DECELERATION",
      "detail": "YoY growth: +20.8% vs prior quarter YoY: +28.6% (decel: -7.8%)",
      "severity": "WARNING"
    },
    {
      "quarter": "2024-12 (Q4)",
      "signal": "OP MARGIN TURNED POSITIVE (YoY)",
      "detail": "Op margin: -36.2% (year-ago) -> +3.5%",
      "severity": "HIGH"
    },
    {
      "quarter": "2024-09 (Q3)",
      "signal": "OP MARGIN TURNED POSITIVE (YoY)",
      "detail": "Op margin: -35.2% (year-ago) -> +10.4%",
      "severity": "HIGH"
    },
    {
      "quarter": "2024-06 (Q2)",
      "signal": "FCF TURNED POSITIVE",
      "detail": "FCF margin: -11.5% -> +23.4%",
      "severity": "HIGH"
    },
    {
      "quarter": "2024-06 (Q2)",
      "signal": "GROSS MARGIN INFLECTION",
      "detail": "GM: +66.0% -> +64.5% -> +68.1% (reversal +3.6%)",
      "severity": "MEDIUM"
    },
    {
      "quarter": "2024-06 (Q2)",
      "signal": "YoY REVENUE GROWTH ACCELERATION",
      "detail": "YoY growth: +26.7% vs prior quarter YoY: +17.5% (accel: +9.2%)",
      "severity": "MEDIUM"
    },
    {
      "quarter": "2024-06 (Q2)",
      "signal": "OP MARGIN TURNED POSITIVE (YoY)",
      "detail": "Op margin: -8.9% (year-ago) -> +4.0%",
      "severity": "HIGH"
    },
    {
      "quarter": "2024-06 (Q2)",
      "signal": "OP MARGIN TURNED POSITIVE (QoQ)",
      "detail": "Op margin: -4.8% -> +4.0%",
      "severity": "HIGH"
    },
    {
      "quarter": "2023-06 (Q2)",
      "signal": "FCF TURNED POSITIVE",
      "detail": "FCF margin: -3.8% -> +14.4%",
      "severity": "HIGH"
    },
    {
      "quarter": "2023-06 (Q2)",
      "signal": "OPERATING LEVERAGE",
      "detail": "Rev growth +9.6% vs OpEx growth +5.9% (leverage: 1.6x)",
      "severity": "MEDIUM"
    },
    {
      "quarter": "2022-12 (Q4)",
      "signal": "OPERATING LEVERAGE",
      "detail": "Rev growth +6.2% vs OpEx growth +0.5% (leverage: 11.9x)",
      "severity": "MEDIUM"
    },
    {
      "quarter": "2022-12 (Q4)",
      "signal": "YoY REVENUE GROWTH DECELERATION",
      "detail": "YoY growth: +19.2% vs prior quarter YoY: +25.2% (decel: -6.0%)",
      "severity": "WARNING"
    },
    {
      "quarter": "2022-09 (Q3)",
      "signal": "FCF TURNED POSITIVE",
      "detail": "FCF margin: -3.9% -> +7.0%",
      "severity": "HIGH"
    },
    {
      "quarter": "2022-09 (Q3)",
      "signal": "OPERATING LEVERAGE",
      "detail": "Rev growth +3.7% vs OpEx growth +2.0% (leverage: 1.9x)",
      "severity": "MEDIUM"
    },
    {
      "quarter": "2022-09 (Q3)",
      "signal": "YoY REVENUE GROWTH DECELERATION",
      "detail": "YoY growth: +25.2% vs prior quarter YoY: +32.2% (decel: -7.0%)",
      "severity": "WARNING"
    },
    {
      "quarter": "2022-06 (Q2)",
      "signal": "FCF MARGIN EXPANSION",
      "detail": "FCF margin: -16.7% -> -3.9% (+12.8%)",
      "severity": "MEDIUM"
    },
    {
      "quarter": "2022-06 (Q2)",
      "signal": "OPERATING LEVERAGE",
      "detail": "Rev growth +7.5% vs OpEx growth +0.7% (leverage: 11.0x)",
      "severity": "MEDIUM"
    },
    {
      "quarter": "2022-06 (Q2)",
      "signal": "YoY REVENUE GROWTH DECELERATION",
      "detail": "YoY growth: +32.2% vs prior quarter YoY: +84.7% (decel: -52.5%)",
      "severity": "WARNING"
    },
    {
      "quarter": "2022-03 (Q1)",
      "signal": "YoY REVENUE GROWTH DECELERATION",
      "detail": "YoY growth: +84.7% vs prior quarter YoY: +95.0% (decel: -10.3%)",
      "severity": "WARNING"
    },
    {
      "quarter": "2021-12 (Q4)",
      "signal": "FCF TURNED POSITIVE",
      "detail": "FCF margin: -5.3% -> +11.3%",
      "severity": "HIGH"
    },
    {
      "quarter": "2021-12 (Q4)",
      "signal": "OPERATING LEVERAGE",
      "detail": "Rev growth +11.5% vs OpEx growth +3.4% (leverage: 3.4x)",
      "severity": "MEDIUM"
    },
    {
      "quarter": "2021-06 (Q2)",
      "signal": "FCF TURNED POSITIVE",
      "detail": "FCF margin: -113.8% -> +0.7%",
      "severity": "HIGH"
    }
  ],
  "data_quality": {
    "n_quarters": 20,
    "coverage": {
      "revenue": [
        20,
        20
      ],
      "gross_profit": [
        10,
        20
      ],
      "op_income": [
        20,
        20
      ],
      "fcf": [
        20,
        20
      ]
    },
    "gaps": [],
    "warnings": [
      "gross_profit: 10/20Q"
    ]
  },
  "market_cap": null,
  "source": "SEC EDGAR",
  "last_updated": "2026-02-02T21:20:46.338037"
}