{
  "ticker": "VENU",
  "name": "VENU HOLDING CORPORATION",
  "quarters": [
    {
      "date": "2023-09-30T00:00:00",
      "quarter_label": "2023-09 (Q3)",
      "revenue": 3911379,
      "gross_profit": null,
      "operating_income": -2754271,
      "net_income": -2774206,
      "opex": 6665650,
      "cogs": null,
      "rd": null,
      "sga": null,
      "fcf": null,
      "ocf": null,
      "capex": null,
      "gross_margin": null,
      "op_margin": -0.7041687854846078,
      "fcf_margin": null
    },
    {
      "date": "2023-12-31T00:00:00",
      "quarter_label": "2023-12 (Q4)",
      "revenue": 12442169,
      "gross_profit": null,
      "operating_income": -2992864,
      "net_income": -2817875,
      "opex": 6904953,
      "cogs": null,
      "rd": null,
      "sga": null,
      "fcf": -10332997,
      "ocf": 1642042,
      "capex": -11975039,
      "gross_margin": null,
      "op_margin": -0.2405419826719923,
      "fcf_margin": -0.8304819682163134,
      "op_leverage_ratio": 60.751039617239385
    },
    {
      "date": "2024-03-31T00:00:00",
      "quarter_label": "2024-03 (Q1)",
      "revenue": 312725,
      "gross_profit": null,
      "operating_income": -12966785,
      "net_income": -15598938,
      "opex": 16906528,
      "cogs": null,
      "rd": null,
      "sga": null,
      "fcf": -11658704,
      "ocf": -2711868,
      "capex": -8946836,
      "gross_margin": null,
      "op_margin": -41.463858022223995,
      "fcf_margin": -37.281010472459826,
      "fcf_margin_change": -36.450528504243515
    },
    {
      "date": "2024-06-30T00:00:00",
      "quarter_label": "2024-06 (Q2)",
      "revenue": 4175238,
      "gross_profit": null,
      "operating_income": -4352223,
      "net_income": null,
      "opex": 8527461,
      "cogs": null,
      "rd": null,
      "sga": null,
      "fcf": -13482852,
      "ocf": 8829626,
      "capex": -22312478,
      "gross_margin": null,
      "op_margin": -1.042389200328221,
      "fcf_margin": -3.229241542637809,
      "op_leverage_ratio": Infinity,
      "fcf_margin_change": 34.05176892982202
    },
    {
      "date": "2024-09-30T00:00:00",
      "quarter_label": "2024-09 (Q3)",
      "revenue": 5451975,
      "gross_profit": null,
      "operating_income": -3676261,
      "net_income": -3932221,
      "opex": 9128236,
      "cogs": null,
      "rd": null,
      "sga": null,
      "fcf": -23138204,
      "ocf": 7218249,
      "capex": -30356453,
      "gross_margin": null,
      "op_margin": -0.6742989467119713,
      "fcf_margin": -4.244004053576915,
      "incr_op_margin_yoy": -0.5984631921671872,
      "rev_growth_yoy": 0.3938754081361075,
      "op_leverage_ratio": 4.340383438823938,
      "fcf_margin_change": -1.0147625109391059
    },
    {
      "date": "2024-12-31T00:00:00",
      "quarter_label": "2024-12 (Q4)",
      "revenue": 17115661,
      "gross_profit": null,
      "operating_income": -6382856,
      "net_income": -6287497,
      "opex": 10650283,
      "cogs": null,
      "rd": null,
      "sga": null,
      "fcf": -20446173,
      "ocf": -9578290,
      "capex": -10867883,
      "gross_margin": null,
      "op_margin": -0.3729248902510981,
      "fcf_margin": -1.194588570082102,
      "incr_op_margin_yoy": -0.7253659576179867,
      "rev_growth_yoy": 0.375617145209971,
      "rev_growth_yoy_accel": -0.01825826292613647,
      "op_leverage_ratio": 12.830416658998814,
      "fcf_margin_change": 3.049415483494813
    },
    {
      "date": "2025-03-31T00:00:00",
      "quarter_label": "2025-03 (Q1)",
      "revenue": 718722,
      "gross_profit": null,
      "operating_income": -18542364,
      "net_income": -18063730,
      "opex": 22041523,
      "cogs": null,
      "rd": null,
      "sga": null,
      "fcf": -31085928,
      "ocf": -9036985,
      "capex": -22048943,
      "gross_margin": null,
      "op_margin": -25.79907669446601,
      "fcf_margin": -43.2516717172982,
      "rev_growth_yoy": 1.298255655927732,
      "rev_growth_yoy_accel": 0.922638510717761,
      "fcf_margin_change": -42.0570831472161
    },
    {
      "date": "2025-06-30T00:00:00",
      "quarter_label": "2025-06 (Q2)",
      "revenue": 4487307,
      "gross_profit": null,
      "operating_income": -10306700,
      "net_income": null,
      "opex": 14794007,
      "cogs": null,
      "rd": null,
      "sga": null,
      "fcf": -17609701,
      "ocf": -2447262,
      "capex": -15162439,
      "gross_margin": null,
      "op_margin": -2.2968564441880175,
      "fcf_margin": -3.9243361330080604,
      "rev_growth_yoy": 0.07474280508081216,
      "rev_growth_yoy_accel": -1.22351285084692,
      "op_leverage_ratio": Infinity,
      "fcf_margin_change": 39.32733558429014
    },
    {
      "date": "2025-09-30T00:00:00",
      "quarter_label": "2025-09 (Q3)",
      "revenue": 5384754,
      "gross_profit": null,
      "operating_income": -9971848,
      "net_income": -6361487,
      "opex": 15356602,
      "cogs": null,
      "rd": null,
      "sga": null,
      "fcf": -32919317,
      "ocf": 6297363,
      "capex": -39216680,
      "gross_margin": null,
      "op_margin": -1.8518669562249268,
      "fcf_margin": -6.1134300657003084,
      "rev_growth_yoy": -0.012329660352441088,
      "rev_growth_yoy_accel": -0.08707246543325324,
      "op_leverage_ratio": 5.259118771526949,
      "fcf_margin_change": -2.189093932692248
    }
  ],
  "signals": [
    {
      "quarter": "2025-09 (Q3)",
      "signal": "OPERATING LEVERAGE",
      "detail": "Rev growth +20.0% vs OpEx growth +3.8% (leverage: 5.3x)",
      "severity": "MEDIUM"
    },
    {
      "quarter": "2025-09 (Q3)",
      "signal": "YoY REVENUE GROWTH DECELERATION",
      "detail": "YoY growth: -1.2% vs prior quarter YoY: +7.5% (decel: -8.7%)",
      "severity": "WARNING"
    },
    {
      "quarter": "2025-06 (Q2)",
      "signal": "FCF MARGIN EXPANSION",
      "detail": "FCF margin: -4325.2% -> -392.4% (+3932.7%)",
      "severity": "MEDIUM"
    },
    {
      "quarter": "2025-06 (Q2)",
      "signal": "YoY REVENUE GROWTH DECELERATION",
      "detail": "YoY growth: +7.5% vs prior quarter YoY: +129.8% (decel: -122.4%)",
      "severity": "WARNING"
    },
    {
      "quarter": "2025-03 (Q1)",
      "signal": "YoY REVENUE GROWTH ACCELERATION",
      "detail": "YoY growth: +129.8% vs prior quarter YoY: +37.6% (accel: +92.3%)",
      "severity": "HIGH"
    },
    {
      "quarter": "2024-12 (Q4)",
      "signal": "FCF MARGIN EXPANSION",
      "detail": "FCF margin: -424.4% -> -119.5% (+304.9%)",
      "severity": "MEDIUM"
    },
    {
      "quarter": "2024-12 (Q4)",
      "signal": "OPERATING LEVERAGE",
      "detail": "Rev growth +213.9% vs OpEx growth +16.7% (leverage: 12.8x)",
      "severity": "MEDIUM"
    },
    {
      "quarter": "2024-09 (Q3)",
      "signal": "OPERATING LEVERAGE",
      "detail": "Rev growth +30.6% vs OpEx growth +7.0% (leverage: 4.3x)",
      "severity": "MEDIUM"
    },
    {
      "quarter": "2024-06 (Q2)",
      "signal": "FCF MARGIN EXPANSION",
      "detail": "FCF margin: -3728.1% -> -322.9% (+3405.2%)",
      "severity": "MEDIUM"
    },
    {
      "quarter": "2023-12 (Q4)",
      "signal": "OPERATING LEVERAGE",
      "detail": "Rev growth +218.1% vs OpEx growth +3.6% (leverage: 60.8x)",
      "severity": "MEDIUM"
    }
  ],
  "data_quality": {
    "n_quarters": 9,
    "coverage": {
      "revenue": [
        9,
        9
      ],
      "gross_profit": [
        0,
        9
      ],
      "op_income": [
        9,
        9
      ],
      "fcf": [
        8,
        9
      ]
    },
    "gaps": [],
    "warnings": [
      "gross_profit: no data"
    ]
  },
  "market_cap": null,
  "source": "SEC EDGAR",
  "last_updated": "2026-02-02T22:37:38.025831"
}