{
  "ticker": "VFF",
  "name": "VILLAGE FARMS INTERNATIONAL, INC.",
  "quarters": [
    {
      "date": "2020-12-31T00:00:00",
      "quarter_label": "2020-12 (Q4)",
      "revenue": 47364000,
      "gross_profit": 1047000,
      "operating_income": null,
      "net_income": 7017000,
      "opex": null,
      "cogs": 46317000,
      "rd": null,
      "sga": 6410000,
      "fcf": -679000,
      "ocf": 1664000,
      "capex": -2343000,
      "gross_margin": 0.022105396503673675,
      "op_margin": null,
      "fcf_margin": -0.014335782450806519
    },
    {
      "date": "2021-03-31T00:00:00",
      "quarter_label": "2021-03 (Q1)",
      "revenue": 52396000,
      "gross_profit": 2307000,
      "operating_income": null,
      "net_income": -7382000,
      "opex": null,
      "cogs": 50089000,
      "rd": null,
      "sga": 8092000,
      "fcf": -19142000,
      "ocf": -14436000,
      "capex": -4706000,
      "gross_margin": 0.04403007863195664,
      "op_margin": null,
      "fcf_margin": -0.3653332315443927,
      "fcf_margin_change": -0.35099744909358616
    },
    {
      "date": "2021-06-30T00:00:00",
      "quarter_label": "2021-06 (Q2)",
      "revenue": 70374000,
      "gross_profit": 5265000,
      "operating_income": null,
      "net_income": -4517000,
      "opex": null,
      "cogs": 65109000,
      "rd": null,
      "sga": 9025000,
      "fcf": -7423000,
      "ocf": -774000,
      "capex": -6649000,
      "gross_margin": 0.07481456219626567,
      "op_margin": null,
      "fcf_margin": -0.10547929633103134,
      "fcf_margin_change": 0.2598539352133613
    },
    {
      "date": "2021-09-30T00:00:00",
      "quarter_label": "2021-09 (Q3)",
      "revenue": 72442000,
      "gross_profit": 17749000,
      "operating_income": null,
      "net_income": 745000,
      "opex": null,
      "cogs": 54693000,
      "rd": null,
      "sga": 13132000,
      "fcf": -9672000,
      "ocf": -5896000,
      "capex": -3776000,
      "gross_margin": 0.24500980094420363,
      "op_margin": null,
      "fcf_margin": -0.13351370751773833,
      "fcf_margin_change": -0.028034411186706992
    },
    {
      "date": "2021-12-31T00:00:00",
      "quarter_label": "2021-12 (Q4)",
      "revenue": 72808000,
      "gross_profit": 19858000,
      "operating_income": null,
      "net_income": 2075000,
      "opex": null,
      "cogs": 52950000,
      "rd": null,
      "sga": 16135000,
      "fcf": -24986000,
      "ocf": -18461000,
      "capex": -6525000,
      "gross_margin": 0.2727447533238106,
      "op_margin": null,
      "fcf_margin": -0.34317657400285684,
      "rev_growth_yoy": 0.5372012498944346,
      "fcf_margin_change": -0.2096628664851185
    },
    {
      "date": "2022-03-31T00:00:00",
      "quarter_label": "2022-03 (Q1)",
      "revenue": 70156000,
      "gross_profit": 9904000,
      "operating_income": null,
      "net_income": -6517000,
      "opex": null,
      "cogs": 60252000,
      "rd": null,
      "sga": 16971000,
      "fcf": -14900000,
      "ocf": -9637000,
      "capex": -5263000,
      "gross_margin": 0.14117110439591768,
      "op_margin": null,
      "fcf_margin": -0.21238383032099892,
      "rev_growth_yoy": 0.33895717230322925,
      "rev_growth_yoy_accel": -0.19824407759120538,
      "fcf_margin_change": 0.13079274368185792
    },
    {
      "date": "2022-06-30T00:00:00",
      "quarter_label": "2022-06 (Q2)",
      "revenue": 82903000,
      "gross_profit": 6323000,
      "operating_income": null,
      "net_income": -36555000,
      "opex": null,
      "cogs": 76580000,
      "rd": null,
      "sga": 17402000,
      "fcf": -4353000,
      "ocf": 616000,
      "capex": -4969000,
      "gross_margin": 0.07626985754435907,
      "op_margin": null,
      "fcf_margin": -0.052507146906625814,
      "rev_growth_yoy": 0.17803450137834995,
      "rev_growth_yoy_accel": -0.1609226709248793,
      "fcf_margin_change": 0.1598766834143731
    },
    {
      "date": "2022-09-30T00:00:00",
      "quarter_label": "2022-09 (Q3)",
      "revenue": 71056000,
      "gross_profit": 8374000,
      "operating_income": null,
      "net_income": -8745000,
      "opex": null,
      "cogs": 62682000,
      "rd": null,
      "sga": 16868000,
      "fcf": -6832000,
      "ocf": -4195000,
      "capex": -2637000,
      "gross_margin": 0.11785070929970727,
      "op_margin": null,
      "fcf_margin": -0.09614951587480297,
      "rev_growth_yoy": -0.019132547417244142,
      "rev_growth_yoy_accel": -0.1971670487955941,
      "fcf_margin_change": -0.04364236896817716
    },
    {
      "date": "2022-12-31T00:00:00",
      "quarter_label": "2022-12 (Q4)",
      "revenue": 69457000,
      "gross_profit": 2896000,
      "operating_income": null,
      "net_income": -49329000,
      "opex": null,
      "cogs": 66561000,
      "rd": null,
      "sga": 17037000,
      "fcf": -8096000,
      "ocf": -6673000,
      "capex": -1423000,
      "gross_margin": 0.04169486156902832,
      "op_margin": null,
      "fcf_margin": -0.11656132571231122,
      "rev_growth_yoy": -0.04602516207010219,
      "rev_growth_yoy_accel": -0.026892614652858048,
      "fcf_margin_change": -0.020411809837508246
    },
    {
      "date": "2023-03-31T00:00:00",
      "quarter_label": "2023-03 (Q1)",
      "revenue": 64656000,
      "gross_profit": 12300000,
      "operating_income": null,
      "net_income": -6636000,
      "opex": null,
      "cogs": 52356000,
      "rd": null,
      "sga": 17405000,
      "fcf": -4744000,
      "ocf": -3668000,
      "capex": -1076000,
      "gross_margin": 0.19023756495916852,
      "op_margin": null,
      "fcf_margin": -0.07337292749319475,
      "rev_growth_yoy": -0.07839671589030162,
      "rev_growth_yoy_accel": -0.03237155382019943,
      "fcf_margin_change": 0.043188398219116464
    },
    {
      "date": "2023-06-30T00:00:00",
      "quarter_label": "2023-06 (Q2)",
      "revenue": 77212000,
      "gross_profit": 11499000,
      "operating_income": null,
      "net_income": -1380000,
      "opex": null,
      "cogs": 65713000,
      "rd": null,
      "sga": 16753000,
      "fcf": -3051000,
      "ocf": -1579000,
      "capex": -1472000,
      "gross_margin": 0.148927627829871,
      "op_margin": null,
      "fcf_margin": -0.03951458322540538,
      "rev_growth_yoy": -0.06864649047682231,
      "rev_growth_yoy_accel": 0.009750225413479308,
      "fcf_margin_change": 0.03385834426778937
    },
    {
      "date": "2023-09-30T00:00:00",
      "quarter_label": "2023-09 (Q3)",
      "revenue": 69510000,
      "gross_profit": 14621000,
      "operating_income": 767000,
      "net_income": -1299000,
      "opex": 13854000,
      "cogs": 54889000,
      "rd": null,
      "sga": 15822000,
      "fcf": 10242000,
      "ocf": 12052000,
      "capex": -1810000,
      "gross_margin": 0.21034383541936413,
      "op_margin": 0.011034383541936412,
      "fcf_margin": 0.14734570565386276,
      "rev_growth_yoy": -0.02175748705246566,
      "rev_growth_yoy_accel": 0.046889003424356646,
      "fcf_margin_change": 0.18686028887926814
    },
    {
      "date": "2023-12-31T00:00:00",
      "quarter_label": "2023-12 (Q4)",
      "revenue": 74225000,
      "gross_profit": 11006000,
      "operating_income": null,
      "net_income": -22483000,
      "opex": null,
      "cogs": 63219000,
      "rd": null,
      "sga": 15521000,
      "fcf": -3650000,
      "ocf": -1490000,
      "capex": -2160000,
      "gross_margin": 0.14827888177837656,
      "op_margin": null,
      "fcf_margin": -0.04917480633209835,
      "rev_growth_yoy": 0.06864678866061016,
      "rev_growth_yoy_accel": 0.09040427571307583,
      "fcf_margin_change": -0.1965205119859611
    },
    {
      "date": "2024-03-31T00:00:00",
      "quarter_label": "2024-03 (Q1)",
      "revenue": 78077000,
      "gross_profit": 15513000,
      "operating_income": null,
      "net_income": -2852000,
      "opex": null,
      "cogs": 62564000,
      "rd": null,
      "sga": 16387000,
      "fcf": -1926000,
      "ocf": -50000,
      "capex": -1876000,
      "gross_margin": 0.1986884741985476,
      "op_margin": null,
      "fcf_margin": -0.024667955992161584,
      "rev_growth_yoy": 0.20757547636723583,
      "rev_growth_yoy_accel": 0.13892868770662567,
      "fcf_margin_change": 0.024506850339936766
    },
    {
      "date": "2024-06-30T00:00:00",
      "quarter_label": "2024-06 (Q2)",
      "revenue": 92182000,
      "gross_profit": 9248000,
      "operating_income": null,
      "net_income": -23549000,
      "opex": null,
      "cogs": 82934000,
      "rd": null,
      "sga": 19666000,
      "fcf": 4845000,
      "ocf": 5702000,
      "capex": -857000,
      "gross_margin": 0.10032327352411534,
      "op_margin": null,
      "fcf_margin": 0.05255906793083248,
      "rev_growth_yoy": 0.19388178003419157,
      "rev_growth_yoy_accel": -0.013693696333044264,
      "fcf_margin_change": 0.07722702392299406
    },
    {
      "date": "2024-09-30T00:00:00",
      "quarter_label": "2024-09 (Q3)",
      "revenue": 83368000,
      "gross_profit": 15708000,
      "operating_income": 2108000,
      "net_income": -820000,
      "opex": 13600000,
      "cogs": 67660000,
      "rd": null,
      "sga": 16540000,
      "fcf": 1490000,
      "ocf": 4284000,
      "capex": -2794000,
      "gross_margin": 0.18841761827079934,
      "op_margin": 0.02528548123980424,
      "fcf_margin": 0.01787256501295461,
      "incr_op_margin_yoy": 0.09676721027565305,
      "rev_growth_yoy": 0.19936699755430873,
      "rev_growth_yoy_accel": 0.005485217520117158,
      "fcf_margin_change": -0.03468650291787787
    },
    {
      "date": "2024-12-31T00:00:00",
      "quarter_label": "2024-12 (Q4)",
      "revenue": 82554000,
      "gross_profit": 6931000,
      "operating_income": null,
      "net_income": -8629000,
      "opex": null,
      "cogs": 75623000,
      "rd": null,
      "sga": 18455000,
      "fcf": -4144000,
      "ocf": 412000,
      "capex": -4556000,
      "gross_margin": 0.08395716742980353,
      "op_margin": null,
      "fcf_margin": -0.050197446519853674,
      "rev_growth_yoy": 0.11221286628494442,
      "rev_growth_yoy_accel": -0.0871541312693643,
      "fcf_margin_change": -0.06807001153280828
    },
    {
      "date": "2025-03-31T00:00:00",
      "quarter_label": "2025-03 (Q1)",
      "revenue": 77074000,
      "gross_profit": 11340000,
      "operating_income": null,
      "net_income": -6703000,
      "opex": null,
      "cogs": 65734000,
      "rd": null,
      "sga": 16779000,
      "fcf": -8915000,
      "ocf": -6376000,
      "capex": -2539000,
      "gross_margin": 0.14713132833380907,
      "op_margin": null,
      "fcf_margin": -0.11566805926771674,
      "rev_growth_yoy": -0.012846292762273141,
      "rev_growth_yoy_accel": -0.12505915904721757,
      "fcf_margin_change": -0.06547061274786306
    },
    {
      "date": "2025-06-30T00:00:00",
      "quarter_label": "2025-06 (Q2)",
      "revenue": 59899000,
      "gross_profit": 22342000,
      "operating_income": null,
      "net_income": 26497000,
      "opex": null,
      "cogs": 37557000,
      "rd": null,
      "sga": 15411000,
      "fcf": null,
      "ocf": null,
      "capex": -2750000,
      "gross_margin": 0.3729945408103641,
      "op_margin": null,
      "fcf_margin": null,
      "rev_growth_yoy": -0.35020936842333644,
      "rev_growth_yoy_accel": -0.3373630756610633
    },
    {
      "date": "2025-09-30T00:00:00",
      "quarter_label": "2025-09 (Q3)",
      "revenue": 66741000,
      "gross_profit": 31938000,
      "operating_income": null,
      "net_income": 10217000,
      "opex": null,
      "cogs": 34803000,
      "rd": null,
      "sga": 15599000,
      "fcf": null,
      "ocf": null,
      "capex": -1828000,
      "gross_margin": 0.4785364318784555,
      "op_margin": null,
      "fcf_margin": null,
      "rev_growth_yoy": -0.19944103253046733,
      "rev_growth_yoy_accel": 0.15076833589286912
    }
  ],
  "signals": [
    {
      "quarter": "2025-09 (Q3)",
      "signal": "YoY REVENUE GROWTH ACCELERATION",
      "detail": "YoY growth: -19.9% vs prior quarter YoY: -35.0% (accel: +15.1%)",
      "severity": "HIGH"
    },
    {
      "quarter": "2025-06 (Q2)",
      "signal": "YoY REVENUE GROWTH DECELERATION",
      "detail": "YoY growth: -35.0% vs prior quarter YoY: -1.3% (decel: -33.7%)",
      "severity": "WARNING"
    },
    {
      "quarter": "2025-03 (Q1)",
      "signal": "GROSS MARGIN INFLECTION",
      "detail": "GM: +18.8% -> +8.4% -> +14.7% (reversal +6.3%)",
      "severity": "HIGH"
    },
    {
      "quarter": "2025-03 (Q1)",
      "signal": "YoY REVENUE GROWTH DECELERATION",
      "detail": "YoY growth: -1.3% vs prior quarter YoY: +11.2% (decel: -12.5%)",
      "severity": "WARNING"
    },
    {
      "quarter": "2024-12 (Q4)",
      "signal": "YoY REVENUE GROWTH DECELERATION",
      "detail": "YoY growth: +11.2% vs prior quarter YoY: +19.9% (decel: -8.7%)",
      "severity": "WARNING"
    },
    {
      "quarter": "2024-09 (Q3)",
      "signal": "GROSS MARGIN INFLECTION",
      "detail": "GM: +19.9% -> +10.0% -> +18.8% (reversal +8.8%)",
      "severity": "HIGH"
    },
    {
      "quarter": "2024-06 (Q2)",
      "signal": "FCF TURNED POSITIVE",
      "detail": "FCF margin: -2.5% -> +5.3%",
      "severity": "HIGH"
    },
    {
      "quarter": "2024-03 (Q1)",
      "signal": "GROSS MARGIN INFLECTION",
      "detail": "GM: +21.0% -> +14.8% -> +19.9% (reversal +5.0%)",
      "severity": "HIGH"
    },
    {
      "quarter": "2024-03 (Q1)",
      "signal": "YoY REVENUE GROWTH ACCELERATION",
      "detail": "YoY growth: +20.8% vs prior quarter YoY: +6.9% (accel: +13.9%)",
      "severity": "MEDIUM"
    },
    {
      "quarter": "2023-12 (Q4)",
      "signal": "YoY REVENUE GROWTH ACCELERATION",
      "detail": "YoY growth: +6.9% vs prior quarter YoY: -2.2% (accel: +9.0%)",
      "severity": "MEDIUM"
    },
    {
      "quarter": "2023-09 (Q3)",
      "signal": "FCF TURNED POSITIVE",
      "detail": "FCF margin: -4.0% -> +14.7%",
      "severity": "HIGH"
    },
    {
      "quarter": "2023-09 (Q3)",
      "signal": "GROSS MARGIN INFLECTION",
      "detail": "GM: +19.0% -> +14.9% -> +21.0% (reversal +6.1%)",
      "severity": "HIGH"
    },
    {
      "quarter": "2023-03 (Q1)",
      "signal": "GROSS MARGIN INFLECTION",
      "detail": "GM: +11.8% -> +4.2% -> +19.0% (reversal +14.9%)",
      "severity": "HIGH"
    },
    {
      "quarter": "2022-09 (Q3)",
      "signal": "GROSS MARGIN INFLECTION",
      "detail": "GM: +14.1% -> +7.6% -> +11.8% (reversal +4.2%)",
      "severity": "MEDIUM"
    },
    {
      "quarter": "2022-09 (Q3)",
      "signal": "YoY REVENUE GROWTH DECELERATION",
      "detail": "YoY growth: -1.9% vs prior quarter YoY: +17.8% (decel: -19.7%)",
      "severity": "WARNING"
    },
    {
      "quarter": "2022-06 (Q2)",
      "signal": "FCF MARGIN EXPANSION",
      "detail": "FCF margin: -21.2% -> -5.3% (+16.0%)",
      "severity": "MEDIUM"
    },
    {
      "quarter": "2022-06 (Q2)",
      "signal": "YoY REVENUE GROWTH DECELERATION",
      "detail": "YoY growth: +17.8% vs prior quarter YoY: +33.9% (decel: -16.1%)",
      "severity": "WARNING"
    },
    {
      "quarter": "2022-03 (Q1)",
      "signal": "FCF MARGIN EXPANSION",
      "detail": "FCF margin: -34.3% -> -21.2% (+13.1%)",
      "severity": "MEDIUM"
    },
    {
      "quarter": "2022-03 (Q1)",
      "signal": "YoY REVENUE GROWTH DECELERATION",
      "detail": "YoY growth: +33.9% vs prior quarter YoY: +53.7% (decel: -19.8%)",
      "severity": "WARNING"
    },
    {
      "quarter": "2021-06 (Q2)",
      "signal": "FCF MARGIN EXPANSION",
      "detail": "FCF margin: -36.5% -> -10.5% (+26.0%)",
      "severity": "MEDIUM"
    }
  ],
  "data_quality": {
    "n_quarters": 20,
    "coverage": {
      "revenue": [
        20,
        20
      ],
      "gross_profit": [
        20,
        20
      ],
      "op_income": [
        2,
        20
      ],
      "fcf": [
        18,
        20
      ]
    },
    "gaps": [],
    "warnings": [
      "op_income: 2/20Q"
    ]
  },
  "market_cap": null,
  "source": "SEC EDGAR",
  "last_updated": "2026-02-02T22:35:12.643789"
}