{
  "ticker": "VICI",
  "name": "VICI Properties Inc.",
  "quarters": [
    {
      "date": "2020-12-31T00:00:00",
      "quarter_label": "2020-12 (Q4)",
      "revenue": 373018000,
      "gross_profit": 368567000,
      "operating_income": -215322000,
      "net_income": 288010000,
      "opex": 583889000,
      "cogs": 4451000,
      "rd": null,
      "sga": null,
      "fcf": 344119000,
      "ocf": 344119000,
      "capex": null,
      "gross_margin": 0.988067599954962,
      "op_margin": -0.5772429212531299,
      "fcf_margin": 0.922526526870017
    },
    {
      "date": "2021-03-31T00:00:00",
      "quarter_label": "2021-03 (Q1)",
      "revenue": 374310000,
      "gross_profit": 369804000,
      "operating_income": null,
      "net_income": 269801000,
      "opex": null,
      "cogs": 4506000,
      "rd": null,
      "sga": null,
      "fcf": 155726000,
      "ocf": 155726000,
      "capex": null,
      "gross_margin": 0.9879618498036387,
      "op_margin": null,
      "fcf_margin": 0.41603483743421227,
      "fcf_margin_change": -0.5064916894358047
    },
    {
      "date": "2021-06-30T00:00:00",
      "quarter_label": "2021-06 (Q2)",
      "revenue": 376400000,
      "gross_profit": 371168000,
      "operating_income": null,
      "net_income": 300709000,
      "opex": null,
      "cogs": 5232000,
      "rd": null,
      "sga": null,
      "fcf": 254744000,
      "ocf": 254744000,
      "capex": null,
      "gross_margin": 0.9860998937300743,
      "op_margin": null,
      "fcf_margin": 0.6767906482465462,
      "fcf_margin_change": 0.26075581081233395
    },
    {
      "date": "2021-09-30T00:00:00",
      "quarter_label": "2021-09 (Q3)",
      "revenue": 375704000,
      "gross_profit": 370561000,
      "operating_income": null,
      "net_income": 161862000,
      "opex": null,
      "cogs": 5143000,
      "rd": null,
      "sga": null,
      "fcf": 200454000,
      "ocf": 200454000,
      "capex": null,
      "gross_margin": 0.9863110320890914,
      "op_margin": null,
      "fcf_margin": 0.5335423631369376,
      "fcf_margin_change": -0.14324828510960863
    },
    {
      "date": "2021-12-31T00:00:00",
      "quarter_label": "2021-12 (Q4)",
      "revenue": 383154000,
      "gross_profit": 377273000,
      "operating_income": null,
      "net_income": 281479000,
      "opex": null,
      "cogs": 5881000,
      "rd": null,
      "sga": null,
      "fcf": 285426000,
      "ocf": 285426000,
      "capex": null,
      "gross_margin": 0.984651080244497,
      "op_margin": null,
      "fcf_margin": 0.7449380666781503,
      "rev_growth_yoy": 0.027172951439340728,
      "fcf_margin_change": 0.21139570354121273
    },
    {
      "date": "2022-03-31T00:00:00",
      "quarter_label": "2022-03 (Q1)",
      "revenue": 416625000,
      "gross_profit": 411340000,
      "operating_income": null,
      "net_income": 240383000,
      "opex": null,
      "cogs": 5285000,
      "rd": null,
      "sga": null,
      "fcf": 298173000,
      "ocf": 298173000,
      "capex": null,
      "gross_margin": 0.9873147314731473,
      "op_margin": null,
      "fcf_margin": 0.7156867686768676,
      "rev_growth_yoy": 0.11304800833533701,
      "rev_growth_yoy_accel": 0.08587505689599628,
      "fcf_margin_change": -0.029251298001282677
    },
    {
      "date": "2022-06-30T00:00:00",
      "quarter_label": "2022-06 (Q2)",
      "revenue": 662623000,
      "gross_profit": 656764000,
      "operating_income": null,
      "net_income": -57706000,
      "opex": null,
      "cogs": 5859000,
      "rd": null,
      "sga": null,
      "fcf": 652961000,
      "ocf": 652961000,
      "capex": null,
      "gross_margin": 0.991157868048649,
      "op_margin": null,
      "fcf_margin": 0.9854185562529523,
      "rev_growth_yoy": 0.760422422954304,
      "rev_growth_yoy_accel": 0.6473744146189669,
      "fcf_margin_change": 0.2697317875760846
    },
    {
      "date": "2022-09-30T00:00:00",
      "quarter_label": "2022-09 (Q3)",
      "revenue": 751543000,
      "gross_profit": 746357000,
      "operating_income": null,
      "net_income": 330905000,
      "opex": null,
      "cogs": 5186000,
      "rd": null,
      "sga": null,
      "fcf": 504343000,
      "ocf": 504343000,
      "capex": null,
      "gross_margin": 0.9930995299004848,
      "op_margin": null,
      "fcf_margin": 0.671076704859203,
      "rev_growth_yoy": 1.0003593254263996,
      "rev_growth_yoy_accel": 0.23993690247209565,
      "fcf_margin_change": -0.31434185139374926
    },
    {
      "date": "2022-12-31T00:00:00",
      "quarter_label": "2022-12 (Q4)",
      "revenue": 769906000,
      "gross_profit": 763634000,
      "operating_income": null,
      "net_income": 604053000,
      "opex": null,
      "cogs": 6272000,
      "rd": null,
      "sga": null,
      "fcf": 487919000,
      "ocf": 487919000,
      "capex": null,
      "gross_margin": 0.9918535509529735,
      "op_margin": null,
      "fcf_margin": 0.6337384044285925,
      "rev_growth_yoy": 1.0093904800680666,
      "rev_growth_yoy_accel": 0.009031154641667039,
      "fcf_margin_change": -0.03733830043061048
    },
    {
      "date": "2023-03-31T00:00:00",
      "quarter_label": "2023-03 (Q1)",
      "revenue": 877647000,
      "gross_profit": 871695000,
      "operating_income": null,
      "net_income": 518740000,
      "opex": null,
      "cogs": 5952000,
      "rd": null,
      "sga": null,
      "fcf": 522033000,
      "ocf": 522033000,
      "capex": null,
      "gross_margin": 0.9932182301084604,
      "op_margin": null,
      "fcf_margin": 0.5948097583652653,
      "rev_growth_yoy": 1.1065634563456346,
      "rev_growth_yoy_accel": 0.09717297627756794,
      "fcf_margin_change": -0.038928646063327244
    },
    {
      "date": "2023-06-30T00:00:00",
      "quarter_label": "2023-06 (Q2)",
      "revenue": 898158000,
      "gross_profit": 891568000,
      "operating_income": null,
      "net_income": 690702000,
      "opex": null,
      "cogs": 6590000,
      "rd": null,
      "sga": null,
      "fcf": 530378000,
      "ocf": 530378000,
      "capex": null,
      "gross_margin": 0.9926627608950763,
      "op_margin": null,
      "fcf_margin": 0.5905174813340192,
      "rev_growth_yoy": 0.355458533736378,
      "rev_growth_yoy_accel": -0.7511049226092565,
      "fcf_margin_change": -0.004292277031246128
    },
    {
      "date": "2023-09-30T00:00:00",
      "quarter_label": "2023-09 (Q3)",
      "revenue": 904318000,
      "gross_profit": 897986000,
      "operating_income": null,
      "net_income": 556329000,
      "opex": null,
      "cogs": 6332000,
      "rd": null,
      "sga": null,
      "fcf": 552106000,
      "ocf": 552106000,
      "capex": null,
      "gross_margin": 0.9929980383006862,
      "op_margin": null,
      "fcf_margin": 0.6105219624070294,
      "rev_growth_yoy": 0.20328178161462485,
      "rev_growth_yoy_accel": -0.15217675212175313,
      "fcf_margin_change": 0.020004481073010227
    },
    {
      "date": "2023-12-31T00:00:00",
      "quarter_label": "2023-12 (Q4)",
      "revenue": 931865000,
      "gross_profit": 923650000,
      "operating_income": null,
      "net_income": 747769000,
      "opex": null,
      "cogs": 8215000,
      "rd": null,
      "sga": null,
      "fcf": 576492000,
      "ocf": 576492000,
      "capex": null,
      "gross_margin": 0.9911843453719155,
      "op_margin": null,
      "fcf_margin": 0.6186432584118944,
      "rev_growth_yoy": 0.21036204419760335,
      "rev_growth_yoy_accel": 0.007080262582978503,
      "fcf_margin_change": 0.008121296004864997
    },
    {
      "date": "2024-03-31T00:00:00",
      "quarter_label": "2024-03 (Q1)",
      "revenue": 951481000,
      "gross_profit": 944970000,
      "operating_income": null,
      "net_income": 590016000,
      "opex": null,
      "cogs": 6511000,
      "rd": null,
      "sga": null,
      "fcf": 543739000,
      "ocf": 543739000,
      "capex": null,
      "gross_margin": 0.9931569836917395,
      "op_margin": null,
      "fcf_margin": 0.5714659567558364,
      "rev_growth_yoy": 0.0841272174348001,
      "rev_growth_yoy_accel": -0.12623482676280323,
      "fcf_margin_change": -0.047177301656057935
    },
    {
      "date": "2024-06-30T00:00:00",
      "quarter_label": "2024-06 (Q2)",
      "revenue": 957003000,
      "gross_profit": 950190000,
      "operating_income": null,
      "net_income": 741302000,
      "opex": null,
      "cogs": 6813000,
      "rd": null,
      "sga": null,
      "fcf": 614610000,
      "ocf": 614610000,
      "capex": null,
      "gross_margin": 0.9928809000598744,
      "op_margin": null,
      "fcf_margin": 0.6422236920887395,
      "rev_growth_yoy": 0.06551742566452673,
      "rev_growth_yoy_accel": -0.018609791770273373,
      "fcf_margin_change": 0.07075773533290308
    },
    {
      "date": "2024-09-30T00:00:00",
      "quarter_label": "2024-09 (Q3)",
      "revenue": 964669000,
      "gross_profit": 957845000,
      "operating_income": null,
      "net_income": 732898000,
      "opex": null,
      "cogs": 6824000,
      "rd": null,
      "sga": null,
      "fcf": 579052000,
      "ocf": 579052000,
      "capex": null,
      "gross_margin": 0.992926071015032,
      "op_margin": null,
      "fcf_margin": 0.600259778224448,
      "rev_growth_yoy": 0.0667364798665956,
      "rev_growth_yoy_accel": 0.0012190542020688727,
      "fcf_margin_change": -0.04196391386429155
    },
    {
      "date": "2024-12-31T00:00:00",
      "quarter_label": "2024-12 (Q4)",
      "revenue": 976052000,
      "gross_profit": 969305000,
      "operating_income": null,
      "net_income": 614594000,
      "opex": null,
      "cogs": 6747000,
      "rd": null,
      "sga": null,
      "fcf": 644097000,
      "ocf": 644097000,
      "capex": null,
      "gross_margin": 0.9930874584550823,
      "op_margin": null,
      "fcf_margin": 0.6599002921975469,
      "rev_growth_yoy": 0.04741781266599776,
      "rev_growth_yoy_accel": -0.01931866720059784,
      "fcf_margin_change": 0.059640513973098885
    },
    {
      "date": "2025-03-31T00:00:00",
      "quarter_label": "2025-03 (Q1)",
      "revenue": 984204000,
      "gross_profit": 977852000,
      "operating_income": null,
      "net_income": 543607000,
      "opex": null,
      "cogs": 6352000,
      "rd": null,
      "sga": null,
      "fcf": 591859000,
      "ocf": 591859000,
      "capex": null,
      "gross_margin": 0.9935460534604614,
      "op_margin": null,
      "fcf_margin": 0.6013580517860119,
      "rev_growth_yoy": 0.034391648388144375,
      "rev_growth_yoy_accel": -0.013026164277853386,
      "fcf_margin_change": -0.058542240411534996
    },
    {
      "date": "2025-06-30T00:00:00",
      "quarter_label": "2025-06 (Q2)",
      "revenue": 1001334000,
      "gross_profit": 994715000,
      "operating_income": null,
      "net_income": 865079000,
      "opex": null,
      "cogs": 6619000,
      "rd": null,
      "sga": null,
      "fcf": 639899000,
      "ocf": 639899000,
      "capex": null,
      "gross_margin": 0.9933898179828109,
      "op_margin": null,
      "fcf_margin": 0.6390465119530546,
      "rev_growth_yoy": 0.046322738800191846,
      "rev_growth_yoy_accel": 0.011931090412047471,
      "fcf_margin_change": 0.03768846016704275
    },
    {
      "date": "2025-09-30T00:00:00",
      "quarter_label": "2025-09 (Q3)",
      "revenue": 1007488000,
      "gross_profit": 1000723000,
      "operating_income": null,
      "net_income": 762040000,
      "opex": null,
      "cogs": 6765000,
      "rd": null,
      "sga": null,
      "fcf": 586289000,
      "ocf": 586289000,
      "capex": null,
      "gross_margin": 0.9932852798246729,
      "op_margin": null,
      "fcf_margin": 0.5819314969508321,
      "rev_growth_yoy": 0.044387245780677105,
      "rev_growth_yoy_accel": -0.0019354930195147405,
      "fcf_margin_change": -0.05711501500222249
    }
  ],
  "signals": [
    {
      "quarter": "2024-12 (Q4)",
      "signal": "FCF MARGIN EXPANSION",
      "detail": "FCF margin: +60.0% -> +66.0% (+6.0%)",
      "severity": "MEDIUM"
    },
    {
      "quarter": "2024-06 (Q2)",
      "signal": "FCF MARGIN EXPANSION",
      "detail": "FCF margin: +57.1% -> +64.2% (+7.1%)",
      "severity": "MEDIUM"
    },
    {
      "quarter": "2024-03 (Q1)",
      "signal": "YoY REVENUE GROWTH DECELERATION",
      "detail": "YoY growth: +8.4% vs prior quarter YoY: +21.0% (decel: -12.6%)",
      "severity": "WARNING"
    },
    {
      "quarter": "2023-09 (Q3)",
      "signal": "YoY REVENUE GROWTH DECELERATION",
      "detail": "YoY growth: +20.3% vs prior quarter YoY: +35.5% (decel: -15.2%)",
      "severity": "WARNING"
    },
    {
      "quarter": "2023-06 (Q2)",
      "signal": "YoY REVENUE GROWTH DECELERATION",
      "detail": "YoY growth: +35.5% vs prior quarter YoY: +110.7% (decel: -75.1%)",
      "severity": "WARNING"
    },
    {
      "quarter": "2023-03 (Q1)",
      "signal": "YoY REVENUE GROWTH ACCELERATION",
      "detail": "YoY growth: +110.7% vs prior quarter YoY: +100.9% (accel: +9.7%)",
      "severity": "MEDIUM"
    },
    {
      "quarter": "2022-09 (Q3)",
      "signal": "YoY REVENUE GROWTH ACCELERATION",
      "detail": "YoY growth: +100.0% vs prior quarter YoY: +76.0% (accel: +24.0%)",
      "severity": "HIGH"
    },
    {
      "quarter": "2022-06 (Q2)",
      "signal": "FCF MARGIN EXPANSION",
      "detail": "FCF margin: +71.6% -> +98.5% (+27.0%)",
      "severity": "MEDIUM"
    },
    {
      "quarter": "2022-06 (Q2)",
      "signal": "YoY REVENUE GROWTH ACCELERATION",
      "detail": "YoY growth: +76.0% vs prior quarter YoY: +11.3% (accel: +64.7%)",
      "severity": "HIGH"
    },
    {
      "quarter": "2022-03 (Q1)",
      "signal": "YoY REVENUE GROWTH ACCELERATION",
      "detail": "YoY growth: +11.3% vs prior quarter YoY: +2.7% (accel: +8.6%)",
      "severity": "MEDIUM"
    },
    {
      "quarter": "2021-12 (Q4)",
      "signal": "FCF MARGIN EXPANSION",
      "detail": "FCF margin: +53.4% -> +74.5% (+21.1%)",
      "severity": "MEDIUM"
    },
    {
      "quarter": "2021-06 (Q2)",
      "signal": "FCF MARGIN EXPANSION",
      "detail": "FCF margin: +41.6% -> +67.7% (+26.1%)",
      "severity": "MEDIUM"
    }
  ],
  "data_quality": {
    "n_quarters": 20,
    "coverage": {
      "revenue": [
        20,
        20
      ],
      "gross_profit": [
        20,
        20
      ],
      "op_income": [
        1,
        20
      ],
      "fcf": [
        20,
        20
      ]
    },
    "gaps": [],
    "warnings": [
      "op_income: 1/20Q"
    ]
  },
  "market_cap": null,
  "source": "SEC EDGAR",
  "last_updated": "2026-02-02T20:08:50.722827"
}