{
  "ticker": "VIRT",
  "name": "VIRTU FINANCIAL, INC.",
  "quarters": [
    {
      "date": "2020-12-31T00:00:00",
      "quarter_label": "2020-12 (Q4)",
      "revenue": 676696000,
      "gross_profit": null,
      "operating_income": null,
      "net_income": 112280000,
      "opex": 417131000,
      "cogs": null,
      "rd": null,
      "sga": null,
      "fcf": 570115000,
      "ocf": 577286000,
      "capex": -7171000,
      "gross_margin": null,
      "op_margin": null,
      "fcf_margin": 0.8424979606795371
    },
    {
      "date": "2021-03-31T00:00:00",
      "quarter_label": "2021-03 (Q1)",
      "revenue": 1012572000,
      "gross_profit": null,
      "operating_income": null,
      "net_income": 239405000,
      "opex": 522785000,
      "cogs": null,
      "rd": null,
      "sga": null,
      "fcf": 130402000,
      "ocf": 133890000,
      "capex": -3488000,
      "gross_margin": null,
      "op_margin": null,
      "fcf_margin": 0.12878294086741485,
      "op_leverage_ratio": 1.959620102079651,
      "fcf_margin_change": -0.7137150198121223
    },
    {
      "date": "2021-06-30T00:00:00",
      "quarter_label": "2021-06 (Q2)",
      "revenue": 548965000,
      "gross_profit": null,
      "operating_income": null,
      "net_income": 62910000,
      "opex": 413963000,
      "cogs": null,
      "rd": null,
      "sga": null,
      "fcf": 212450000,
      "ocf": 221551000,
      "capex": -9101000,
      "gross_margin": null,
      "op_margin": null,
      "fcf_margin": 0.3870009927773173,
      "fcf_margin_change": 0.25821805190990244
    },
    {
      "date": "2021-09-30T00:00:00",
      "quarter_label": "2021-09 (Q3)",
      "revenue": 544344000,
      "gross_profit": null,
      "operating_income": null,
      "net_income": 70507000,
      "opex": 399245000,
      "cogs": null,
      "rd": null,
      "sga": null,
      "fcf": 15344000,
      "ocf": 19081000,
      "capex": -3737000,
      "gross_margin": null,
      "op_margin": null,
      "fcf_margin": 0.028188057551842217,
      "fcf_margin_change": -0.3588129352254751
    },
    {
      "date": "2021-12-31T00:00:00",
      "quarter_label": "2021-12 (Q4)",
      "revenue": 705604000,
      "gross_profit": null,
      "operating_income": null,
      "net_income": 104056000,
      "opex": 478587000,
      "cogs": null,
      "rd": null,
      "sga": null,
      "fcf": 788868000,
      "ocf": 797104000,
      "capex": -8236000,
      "gross_margin": null,
      "op_margin": null,
      "fcf_margin": 1.1180038661912348,
      "rev_growth_yoy": 0.042719330393559296,
      "op_leverage_ratio": 1.4906976175910613,
      "fcf_margin_change": 1.0898158086393925
    },
    {
      "date": "2022-03-31T00:00:00",
      "quarter_label": "2022-03 (Q1)",
      "revenue": 701262000,
      "gross_profit": null,
      "operating_income": null,
      "net_income": 112257000,
      "opex": 459551000,
      "cogs": null,
      "rd": null,
      "sga": null,
      "fcf": -265143000,
      "ocf": -255185000,
      "capex": -9958000,
      "gross_margin": null,
      "op_margin": null,
      "fcf_margin": -0.3780940647004971,
      "rev_growth_yoy": -0.30744480392505424,
      "rev_growth_yoy_accel": -0.35016413431861354,
      "fcf_margin_change": -1.496097930891732
    },
    {
      "date": "2022-06-30T00:00:00",
      "quarter_label": "2022-06 (Q2)",
      "revenue": 604738000,
      "gross_profit": null,
      "operating_income": null,
      "net_income": 85167000,
      "opex": 430954000,
      "cogs": null,
      "rd": null,
      "sga": null,
      "fcf": 308519000,
      "ocf": 312807000,
      "capex": -4288000,
      "gross_margin": null,
      "op_margin": null,
      "fcf_margin": 0.510169693321736,
      "rev_growth_yoy": 0.10159664095160893,
      "rev_growth_yoy_accel": 0.40904144487666316,
      "fcf_margin_change": 0.8882637580222331
    },
    {
      "date": "2022-09-30T00:00:00",
      "quarter_label": "2022-09 (Q3)",
      "revenue": 561044000,
      "gross_profit": null,
      "operating_income": null,
      "net_income": 40007000,
      "opex": 459438000,
      "cogs": null,
      "rd": null,
      "sga": null,
      "fcf": 228732000,
      "ocf": 232840000,
      "capex": -4108000,
      "gross_margin": null,
      "op_margin": null,
      "fcf_margin": 0.40768994945137993,
      "rev_growth_yoy": 0.03067912937407228,
      "rev_growth_yoy_accel": -0.07091751157753665,
      "fcf_margin_change": -0.10247974387035608
    },
    {
      "date": "2022-12-31T00:00:00",
      "quarter_label": "2022-12 (Q4)",
      "revenue": 497768000,
      "gross_profit": null,
      "operating_income": null,
      "net_income": 27592000,
      "opex": 458073000,
      "cogs": null,
      "rd": null,
      "sga": null,
      "fcf": 407494000,
      "ocf": 416341000,
      "capex": -8847000,
      "gross_margin": null,
      "op_margin": null,
      "fcf_margin": 0.8186424197618167,
      "rev_growth_yoy": -0.2945504844076848,
      "rev_growth_yoy_accel": -0.3252296137817571,
      "fcf_margin_change": 0.4109524703104368
    },
    {
      "date": "2023-03-31T00:00:00",
      "quarter_label": "2023-03 (Q1)",
      "revenue": 620380000,
      "gross_profit": null,
      "operating_income": null,
      "net_income": 57881000,
      "opex": 485615000,
      "cogs": null,
      "rd": null,
      "sga": null,
      "fcf": -162177000,
      "ocf": -148382000,
      "capex": -13795000,
      "gross_margin": null,
      "op_margin": null,
      "fcf_margin": -0.2614155839969051,
      "rev_growth_yoy": -0.11533777675105739,
      "rev_growth_yoy_accel": 0.1792127076566274,
      "op_leverage_ratio": 4.096804340807851,
      "fcf_margin_change": -1.080058003758722
    },
    {
      "date": "2023-06-30T00:00:00",
      "quarter_label": "2023-06 (Q2)",
      "revenue": 506854000,
      "gross_profit": null,
      "operating_income": null,
      "net_income": 16702000,
      "opex": 471387000,
      "cogs": null,
      "rd": null,
      "sga": null,
      "fcf": 113928000,
      "ocf": 121998000,
      "capex": -8070000,
      "gross_margin": null,
      "op_margin": null,
      "fcf_margin": 0.22477478721683167,
      "rev_growth_yoy": -0.1618618310739527,
      "rev_growth_yoy_accel": -0.0465240543228953,
      "fcf_margin_change": 0.48619037121373676
    },
    {
      "date": "2023-09-30T00:00:00",
      "quarter_label": "2023-09 (Q3)",
      "revenue": 630164000,
      "gross_profit": null,
      "operating_income": null,
      "net_income": 61915000,
      "opex": 492059000,
      "cogs": null,
      "rd": null,
      "sga": null,
      "fcf": 167648000,
      "ocf": 170075000,
      "capex": -2427000,
      "gross_margin": null,
      "op_margin": null,
      "fcf_margin": 0.26603868199389363,
      "rev_growth_yoy": 0.12319889349141956,
      "rev_growth_yoy_accel": 0.28506072456537224,
      "op_leverage_ratio": 5.547668787873477,
      "fcf_margin_change": 0.041263894777061966
    },
    {
      "date": "2023-12-31T00:00:00",
      "quarter_label": "2023-12 (Q4)",
      "revenue": 535977000,
      "gross_profit": null,
      "operating_income": null,
      "net_income": 5538000,
      "opex": 519183000,
      "cogs": null,
      "rd": null,
      "sga": null,
      "fcf": 334604000,
      "ocf": 348086000,
      "capex": -13482000,
      "gross_margin": null,
      "op_margin": null,
      "fcf_margin": 0.624287982506712,
      "rev_growth_yoy": 0.07676065958438469,
      "rev_growth_yoy_accel": -0.04643823390703487,
      "fcf_margin_change": 0.3582493005128184
    },
    {
      "date": "2024-03-31T00:00:00",
      "quarter_label": "2024-03 (Q1)",
      "revenue": 642839000,
      "gross_profit": null,
      "operating_income": null,
      "net_income": 55817000,
      "opex": 503019000,
      "cogs": null,
      "rd": null,
      "sga": null,
      "fcf": -398229000,
      "ocf": -395414000,
      "capex": -2815000,
      "gross_margin": null,
      "op_margin": null,
      "fcf_margin": -0.6194848165714899,
      "rev_growth_yoy": 0.0362020052226055,
      "rev_growth_yoy_accel": -0.04055865436177919,
      "op_leverage_ratio": Infinity,
      "fcf_margin_change": -1.243772799078202
    },
    {
      "date": "2024-06-30T00:00:00",
      "quarter_label": "2024-06 (Q2)",
      "revenue": 692985000,
      "gross_profit": null,
      "operating_income": null,
      "net_income": 66586000,
      "opex": 537600000,
      "cogs": null,
      "rd": null,
      "sga": null,
      "fcf": 486903000,
      "ocf": 490822000,
      "capex": -3919000,
      "gross_margin": null,
      "op_margin": null,
      "fcf_margin": 0.7026169397606009,
      "rev_growth_yoy": 0.36722803805435095,
      "rev_growth_yoy_accel": 0.3310260328317455,
      "op_leverage_ratio": 1.134699650592807,
      "fcf_margin_change": 1.3221017563320907
    },
    {
      "date": "2024-09-30T00:00:00",
      "quarter_label": "2024-09 (Q3)",
      "revenue": 706840000,
      "gross_profit": null,
      "operating_income": null,
      "net_income": 59952000,
      "opex": 559680000,
      "cogs": null,
      "rd": null,
      "sga": null,
      "fcf": 106227000,
      "ocf": 112101000,
      "capex": -5874000,
      "gross_margin": null,
      "op_margin": null,
      "fcf_margin": 0.15028436421255165,
      "rev_growth_yoy": 0.1216762620524181,
      "rev_growth_yoy_accel": -0.24555177600193284,
      "op_leverage_ratio": 0.48679138860838633,
      "fcf_margin_change": -0.5523325755480493
    },
    {
      "date": "2024-12-31T00:00:00",
      "quarter_label": "2024-12 (Q4)",
      "revenue": 834285000,
      "gross_profit": null,
      "operating_income": null,
      "net_income": 94060000,
      "opex": 631680000,
      "cogs": null,
      "rd": null,
      "sga": null,
      "fcf": 391663000,
      "ocf": 391482000,
      "capex": 181000,
      "gross_margin": null,
      "op_margin": null,
      "fcf_margin": 0.4694594772769497,
      "rev_growth_yoy": 0.5565686587297589,
      "rev_growth_yoy_accel": 0.4348923966773408,
      "op_leverage_ratio": 1.4015512232848548,
      "fcf_margin_change": 0.31917511306439805
    },
    {
      "date": "2025-03-31T00:00:00",
      "quarter_label": "2025-03 (Q1)",
      "revenue": 837869000,
      "gross_profit": null,
      "operating_income": null,
      "net_income": 99681000,
      "opex": 614133000,
      "cogs": null,
      "rd": null,
      "sga": null,
      "fcf": 9232000,
      "ocf": 14964000,
      "capex": -5732000,
      "gross_margin": null,
      "op_margin": null,
      "fcf_margin": 0.011018428895209155,
      "rev_growth_yoy": 0.3033885622994249,
      "rev_growth_yoy_accel": -0.253180096430334,
      "fcf_margin_change": -0.45844104838174055
    },
    {
      "date": "2025-06-30T00:00:00",
      "quarter_label": "2025-06 (Q2)",
      "revenue": 999573000,
      "gross_profit": null,
      "operating_income": null,
      "net_income": 151187000,
      "opex": 652553000,
      "cogs": null,
      "rd": null,
      "sga": null,
      "fcf": 57553000,
      "ocf": 62765000,
      "capex": -5212000,
      "gross_margin": null,
      "op_margin": null,
      "fcf_margin": 0.05757758562906361,
      "rev_growth_yoy": 0.4424165025216996,
      "rev_growth_yoy_accel": 0.13902794022227472,
      "op_leverage_ratio": 3.0849612592299445,
      "fcf_margin_change": 0.046559156733854454
    },
    {
      "date": "2025-09-30T00:00:00",
      "quarter_label": "2025-09 (Q3)",
      "revenue": 824789000,
      "gross_profit": null,
      "operating_income": null,
      "net_income": 77628000,
      "opex": 644799000,
      "cogs": null,
      "rd": null,
      "sga": null,
      "fcf": -76728000,
      "ocf": -68727000,
      "capex": -8001000,
      "gross_margin": null,
      "op_margin": null,
      "fcf_margin": -0.09302742883331373,
      "rev_growth_yoy": 0.16686803236941883,
      "rev_growth_yoy_accel": -0.2755484701522808,
      "fcf_margin_change": -0.15060501446237734
    }
  ],
  "signals": [
    {
      "quarter": "2025-09 (Q3)",
      "signal": "YoY REVENUE GROWTH DECELERATION",
      "detail": "YoY growth: +16.7% vs prior quarter YoY: +44.2% (decel: -27.6%)",
      "severity": "WARNING"
    },
    {
      "quarter": "2025-06 (Q2)",
      "signal": "OPERATING LEVERAGE",
      "detail": "Rev growth +19.3% vs OpEx growth +6.3% (leverage: 3.1x)",
      "severity": "MEDIUM"
    },
    {
      "quarter": "2025-06 (Q2)",
      "signal": "YoY REVENUE GROWTH ACCELERATION",
      "detail": "YoY growth: +44.2% vs prior quarter YoY: +30.3% (accel: +13.9%)",
      "severity": "MEDIUM"
    },
    {
      "quarter": "2025-03 (Q1)",
      "signal": "YoY REVENUE GROWTH DECELERATION",
      "detail": "YoY growth: +30.3% vs prior quarter YoY: +55.7% (decel: -25.3%)",
      "severity": "WARNING"
    },
    {
      "quarter": "2024-12 (Q4)",
      "signal": "FCF MARGIN EXPANSION",
      "detail": "FCF margin: +15.0% -> +46.9% (+31.9%)",
      "severity": "MEDIUM"
    },
    {
      "quarter": "2024-12 (Q4)",
      "signal": "YoY REVENUE GROWTH ACCELERATION",
      "detail": "YoY growth: +55.7% vs prior quarter YoY: +12.2% (accel: +43.5%)",
      "severity": "HIGH"
    },
    {
      "quarter": "2024-09 (Q3)",
      "signal": "YoY REVENUE GROWTH DECELERATION",
      "detail": "YoY growth: +12.2% vs prior quarter YoY: +36.7% (decel: -24.6%)",
      "severity": "WARNING"
    },
    {
      "quarter": "2024-06 (Q2)",
      "signal": "FCF TURNED POSITIVE",
      "detail": "FCF margin: -61.9% -> +70.3%",
      "severity": "HIGH"
    },
    {
      "quarter": "2024-06 (Q2)",
      "signal": "YoY REVENUE GROWTH ACCELERATION",
      "detail": "YoY growth: +36.7% vs prior quarter YoY: +3.6% (accel: +33.1%)",
      "severity": "HIGH"
    },
    {
      "quarter": "2023-12 (Q4)",
      "signal": "FCF MARGIN EXPANSION",
      "detail": "FCF margin: +26.6% -> +62.4% (+35.8%)",
      "severity": "MEDIUM"
    },
    {
      "quarter": "2023-09 (Q3)",
      "signal": "OPERATING LEVERAGE",
      "detail": "Rev growth +24.3% vs OpEx growth +4.4% (leverage: 5.5x)",
      "severity": "MEDIUM"
    },
    {
      "quarter": "2023-09 (Q3)",
      "signal": "YoY REVENUE GROWTH ACCELERATION",
      "detail": "YoY growth: +12.3% vs prior quarter YoY: -16.2% (accel: +28.5%)",
      "severity": "HIGH"
    },
    {
      "quarter": "2023-06 (Q2)",
      "signal": "FCF TURNED POSITIVE",
      "detail": "FCF margin: -26.1% -> +22.5%",
      "severity": "HIGH"
    },
    {
      "quarter": "2023-03 (Q1)",
      "signal": "OPERATING LEVERAGE",
      "detail": "Rev growth +24.6% vs OpEx growth +6.0% (leverage: 4.1x)",
      "severity": "MEDIUM"
    },
    {
      "quarter": "2023-03 (Q1)",
      "signal": "YoY REVENUE GROWTH ACCELERATION",
      "detail": "YoY growth: -11.5% vs prior quarter YoY: -29.5% (accel: +17.9%)",
      "severity": "HIGH"
    },
    {
      "quarter": "2022-12 (Q4)",
      "signal": "FCF MARGIN EXPANSION",
      "detail": "FCF margin: +40.8% -> +81.9% (+41.1%)",
      "severity": "MEDIUM"
    },
    {
      "quarter": "2022-12 (Q4)",
      "signal": "YoY REVENUE GROWTH DECELERATION",
      "detail": "YoY growth: -29.5% vs prior quarter YoY: +3.1% (decel: -32.5%)",
      "severity": "WARNING"
    },
    {
      "quarter": "2022-09 (Q3)",
      "signal": "YoY REVENUE GROWTH DECELERATION",
      "detail": "YoY growth: +3.1% vs prior quarter YoY: +10.2% (decel: -7.1%)",
      "severity": "WARNING"
    },
    {
      "quarter": "2022-06 (Q2)",
      "signal": "FCF TURNED POSITIVE",
      "detail": "FCF margin: -37.8% -> +51.0%",
      "severity": "HIGH"
    },
    {
      "quarter": "2022-06 (Q2)",
      "signal": "YoY REVENUE GROWTH ACCELERATION",
      "detail": "YoY growth: +10.2% vs prior quarter YoY: -30.7% (accel: +40.9%)",
      "severity": "HIGH"
    },
    {
      "quarter": "2022-03 (Q1)",
      "signal": "YoY REVENUE GROWTH DECELERATION",
      "detail": "YoY growth: -30.7% vs prior quarter YoY: +4.3% (decel: -35.0%)",
      "severity": "WARNING"
    },
    {
      "quarter": "2021-12 (Q4)",
      "signal": "FCF MARGIN EXPANSION",
      "detail": "FCF margin: +2.8% -> +111.8% (+109.0%)",
      "severity": "MEDIUM"
    },
    {
      "quarter": "2021-06 (Q2)",
      "signal": "FCF MARGIN EXPANSION",
      "detail": "FCF margin: +12.9% -> +38.7% (+25.8%)",
      "severity": "MEDIUM"
    },
    {
      "quarter": "2021-03 (Q1)",
      "signal": "OPERATING LEVERAGE",
      "detail": "Rev growth +49.6% vs OpEx growth +25.3% (leverage: 2.0x)",
      "severity": "MEDIUM"
    }
  ],
  "data_quality": {
    "n_quarters": 20,
    "coverage": {
      "revenue": [
        20,
        20
      ],
      "gross_profit": [
        0,
        20
      ],
      "op_income": [
        0,
        20
      ],
      "fcf": [
        20,
        20
      ]
    },
    "gaps": [],
    "warnings": [
      "gross_profit: no data",
      "op_income: no data"
    ]
  },
  "market_cap": null,
  "source": "SEC EDGAR",
  "last_updated": "2026-02-02T20:45:38.525288"
}