{
  "ticker": "VISL",
  "name": "VISLINK TECHNOLOGIES, INC.",
  "quarters": [
    {
      "date": "2020-03-31T00:00:00",
      "quarter_label": "2020-03 (Q1)",
      "revenue": 5352000,
      "gross_profit": null,
      "operating_income": -4752000,
      "net_income": -4430000,
      "opex": 10104000,
      "cogs": null,
      "rd": 656000,
      "sga": null,
      "fcf": -4532000,
      "ocf": -4435000,
      "capex": -97000,
      "gross_margin": null,
      "op_margin": -0.8878923766816144,
      "fcf_margin": -0.8467862481315396
    },
    {
      "date": "2020-06-30T00:00:00",
      "quarter_label": "2020-06 (Q2)",
      "revenue": 6008000,
      "gross_profit": null,
      "operating_income": -657000,
      "net_income": -778000,
      "opex": 6665000,
      "cogs": null,
      "rd": 559000,
      "sga": null,
      "fcf": -3349000,
      "ocf": -3288000,
      "capex": -61000,
      "gross_margin": null,
      "op_margin": -0.10935419440745672,
      "fcf_margin": -0.5574234354194407,
      "op_leverage_ratio": Infinity,
      "fcf_margin_change": 0.28936281271209885
    },
    {
      "date": "2020-09-30T00:00:00",
      "quarter_label": "2020-09 (Q3)",
      "revenue": 4778000,
      "gross_profit": null,
      "operating_income": -2827000,
      "net_income": -2793000,
      "opex": 7605000,
      "cogs": null,
      "rd": 616000,
      "sga": null,
      "fcf": -3044000,
      "ocf": -2975000,
      "capex": -69000,
      "gross_margin": null,
      "op_margin": -0.5916701548765174,
      "fcf_margin": -0.6370866471326915,
      "fcf_margin_change": -0.07966321171325075
    },
    {
      "date": "2020-12-31T00:00:00",
      "quarter_label": "2020-12 (Q4)",
      "revenue": 6744000,
      "gross_profit": null,
      "operating_income": -9652000,
      "net_income": -9574000,
      "opex": 16396000,
      "cogs": null,
      "rd": 867000,
      "sga": null,
      "fcf": -3687000,
      "ocf": -3656000,
      "capex": -31000,
      "gross_margin": null,
      "op_margin": -1.4311981020166074,
      "fcf_margin": -0.5467081850533808,
      "op_leverage_ratio": 0.355957629904133,
      "fcf_margin_change": 0.09037846207931066
    },
    {
      "date": "2021-03-31T00:00:00",
      "quarter_label": "2021-03 (Q1)",
      "revenue": 4090000,
      "gross_profit": null,
      "operating_income": -2779000,
      "net_income": -2667000,
      "opex": 6869000,
      "cogs": null,
      "rd": 602000,
      "sga": null,
      "fcf": -4390000,
      "ocf": -4344000,
      "capex": -46000,
      "gross_margin": null,
      "op_margin": -0.6794621026894866,
      "fcf_margin": -1.0733496332518337,
      "incr_op_margin_yoy": -1.563391442155309,
      "rev_growth_yoy": -0.23579970104633782,
      "fcf_margin_change": -0.5266414481984529
    },
    {
      "date": "2021-06-30T00:00:00",
      "quarter_label": "2021-06 (Q2)",
      "revenue": 7550000,
      "gross_profit": null,
      "operating_income": -897000,
      "net_income": -834000,
      "opex": 8447000,
      "cogs": null,
      "rd": 718000,
      "sga": null,
      "fcf": -3966000,
      "ocf": -3890000,
      "capex": -76000,
      "gross_margin": null,
      "op_margin": -0.11880794701986755,
      "fcf_margin": -0.5252980132450331,
      "incr_op_margin_yoy": -0.1556420233463035,
      "rev_growth_yoy": 0.2566577896138482,
      "rev_growth_yoy_accel": 0.49245749066018607,
      "op_leverage_ratio": 3.682470770155655,
      "fcf_margin_change": 0.5480516200068006
    },
    {
      "date": "2021-09-30T00:00:00",
      "quarter_label": "2021-09 (Q3)",
      "revenue": 11200000,
      "gross_profit": null,
      "operating_income": -493000,
      "net_income": 676000,
      "opex": 11693000,
      "cogs": null,
      "rd": 841000,
      "sga": null,
      "fcf": -31000,
      "ocf": 5000,
      "capex": -36000,
      "gross_margin": null,
      "op_margin": -0.04401785714285714,
      "fcf_margin": -0.0027678571428571427,
      "incr_op_margin_yoy": 0.36343818125194643,
      "rev_growth_yoy": 1.3440770196735035,
      "rev_growth_yoy_accel": 1.0874192300596552,
      "op_leverage_ratio": 1.2580557629767457,
      "fcf_margin_change": 0.522530156102176
    },
    {
      "date": "2021-12-31T00:00:00",
      "quarter_label": "2021-12 (Q4)",
      "revenue": 11042000,
      "gross_profit": null,
      "operating_income": -13578000,
      "net_income": -13567000,
      "opex": 24620000,
      "cogs": null,
      "rd": 890000,
      "sga": null,
      "fcf": -1415000,
      "ocf": -1372000,
      "capex": -43000,
      "gross_margin": null,
      "op_margin": -1.2296685383082775,
      "fcf_margin": -0.1281470748052889,
      "incr_op_margin_yoy": -0.9134481154025128,
      "rev_growth_yoy": 0.6373072360616845,
      "rev_growth_yoy_accel": -0.706769783611819,
      "fcf_margin_change": -0.12537921766243174
    },
    {
      "date": "2022-03-31T00:00:00",
      "quarter_label": "2022-03 (Q1)",
      "revenue": 7154000,
      "gross_profit": null,
      "operating_income": -2850000,
      "net_income": -2767000,
      "opex": 10004000,
      "cogs": null,
      "rd": 1118000,
      "sga": null,
      "fcf": -5088000,
      "ocf": -4879000,
      "capex": -209000,
      "gross_margin": null,
      "op_margin": -0.3983785294939894,
      "fcf_margin": -0.7112105116019011,
      "incr_op_margin_yoy": -0.023172323759791124,
      "rev_growth_yoy": 0.7491442542787287,
      "rev_growth_yoy_accel": 0.11183701821704417,
      "fcf_margin_change": -0.5830634367966122
    },
    {
      "date": "2022-06-30T00:00:00",
      "quarter_label": "2022-06 (Q2)",
      "revenue": 6756000,
      "gross_profit": null,
      "operating_income": -2586000,
      "net_income": -2526000,
      "opex": 9342000,
      "cogs": null,
      "rd": 1151000,
      "sga": null,
      "fcf": -3448000,
      "ocf": -3359000,
      "capex": -89000,
      "gross_margin": null,
      "op_margin": -0.3827708703374778,
      "fcf_margin": -0.5103611604499704,
      "rev_growth_yoy": -0.10516556291390729,
      "rev_growth_yoy_accel": -0.854309817192636,
      "fcf_margin_change": 0.2008493511519307
    },
    {
      "date": "2022-09-30T00:00:00",
      "quarter_label": "2022-09 (Q3)",
      "revenue": 7114000,
      "gross_profit": null,
      "operating_income": -2808000,
      "net_income": -2740000,
      "opex": 9922000,
      "cogs": null,
      "rd": 885000,
      "sga": null,
      "fcf": -3583000,
      "ocf": -3529000,
      "capex": -54000,
      "gross_margin": null,
      "op_margin": -0.3947146471745853,
      "fcf_margin": -0.5036547652516166,
      "incr_op_margin_yoy": 0.5665687714145864,
      "rev_growth_yoy": -0.3648214285714286,
      "rev_growth_yoy_accel": -0.2596558656575213,
      "op_leverage_ratio": 0.8535033992772708,
      "fcf_margin_change": 0.0067063951983538095
    },
    {
      "date": "2022-12-31T00:00:00",
      "quarter_label": "2022-12 (Q4)",
      "revenue": 7378000,
      "gross_profit": null,
      "operating_income": -5551000,
      "net_income": -5507000,
      "opex": 12929000,
      "cogs": null,
      "rd": 904000,
      "sga": null,
      "fcf": 2234000,
      "ocf": 2348000,
      "capex": -114000,
      "gross_margin": null,
      "op_margin": -0.7523719165085389,
      "fcf_margin": 0.3027920845757658,
      "incr_op_margin_yoy": -2.1907751091703056,
      "rev_growth_yoy": -0.33182394493751133,
      "rev_growth_yoy_accel": 0.032997483633917246,
      "op_leverage_ratio": 0.12244917421153659,
      "fcf_margin_change": 0.8064468498273824
    },
    {
      "date": "2023-03-31T00:00:00",
      "quarter_label": "2023-03 (Q1)",
      "revenue": 7188000,
      "gross_profit": null,
      "operating_income": -2348000,
      "net_income": -1756000,
      "opex": 9536000,
      "cogs": null,
      "rd": 767000,
      "sga": null,
      "fcf": -779000,
      "ocf": -602000,
      "capex": -177000,
      "gross_margin": null,
      "op_margin": -0.3266555370061213,
      "fcf_margin": -0.10837506956037841,
      "rev_growth_yoy": 0.004752585965893207,
      "rev_growth_yoy_accel": 0.33657653090340456,
      "fcf_margin_change": -0.4111671541361442
    },
    {
      "date": "2023-06-30T00:00:00",
      "quarter_label": "2023-06 (Q2)",
      "revenue": 5043000,
      "gross_profit": null,
      "operating_income": -3384000,
      "net_income": -3028000,
      "opex": 8427000,
      "cogs": null,
      "rd": 908000,
      "sga": null,
      "fcf": -2836000,
      "ocf": -2592000,
      "capex": -244000,
      "gross_margin": null,
      "op_margin": -0.6710291493158834,
      "fcf_margin": -0.562363672417212,
      "incr_op_margin_yoy": 0.4658493870402802,
      "rev_growth_yoy": -0.25355239786856126,
      "rev_growth_yoy_accel": -0.2583049838344545,
      "fcf_margin_change": -0.45398860285683357
    },
    {
      "date": "2023-09-30T00:00:00",
      "quarter_label": "2023-09 (Q3)",
      "revenue": 7179000,
      "gross_profit": null,
      "operating_income": -2291000,
      "net_income": -1970000,
      "opex": 9470000,
      "cogs": null,
      "rd": 805000,
      "sga": null,
      "fcf": -2879000,
      "ocf": -2798000,
      "capex": -81000,
      "gross_margin": null,
      "op_margin": -0.3191252263546455,
      "fcf_margin": -0.4010307842317872,
      "rev_growth_yoy": 0.009136913129041326,
      "rev_growth_yoy_accel": 0.26268931099760257,
      "op_leverage_ratio": 3.4221651610150787,
      "fcf_margin_change": 0.1613328881854248
    },
    {
      "date": "2023-12-31T00:00:00",
      "quarter_label": "2023-12 (Q4)",
      "revenue": 8072000,
      "gross_profit": null,
      "operating_income": -2575000,
      "net_income": -2373000,
      "opex": -3220000,
      "cogs": null,
      "rd": 1013000,
      "sga": null,
      "fcf": -3952000,
      "ocf": -3756000,
      "capex": -196000,
      "gross_margin": null,
      "op_margin": -0.31900396432111,
      "fcf_margin": -0.489593657086224,
      "rev_growth_yoy": 0.09406343182434264,
      "rev_growth_yoy_accel": 0.08492651869530131,
      "op_leverage_ratio": Infinity,
      "fcf_margin_change": -0.08856287285443681
    },
    {
      "date": "2024-03-31T00:00:00",
      "quarter_label": "2024-03 (Q1)",
      "revenue": 8598000,
      "gross_profit": null,
      "operating_income": -1598000,
      "net_income": -948000,
      "opex": 10196000,
      "cogs": null,
      "rd": 799000,
      "sga": null,
      "fcf": -232000,
      "ocf": -89000,
      "capex": -143000,
      "gross_margin": null,
      "op_margin": -0.1858571760874622,
      "fcf_margin": -0.02698301930681554,
      "incr_op_margin_yoy": 0.5319148936170213,
      "rev_growth_yoy": 0.19616026711185308,
      "rev_growth_yoy_accel": 0.10209683528751044,
      "op_leverage_ratio": Infinity,
      "fcf_margin_change": 0.4626106377794085
    },
    {
      "date": "2024-06-30T00:00:00",
      "quarter_label": "2024-06 (Q2)",
      "revenue": 8702000,
      "gross_profit": null,
      "operating_income": -2564000,
      "net_income": -2270000,
      "opex": 11266000,
      "cogs": null,
      "rd": 966000,
      "sga": null,
      "fcf": -1804000,
      "ocf": -1605000,
      "capex": -199000,
      "gross_margin": null,
      "op_margin": -0.2946449092162721,
      "fcf_margin": -0.2073086646747874,
      "incr_op_margin_yoy": 0.2241049467067505,
      "rev_growth_yoy": 0.7255601824310925,
      "rev_growth_yoy_accel": 0.5293999153192395,
      "op_leverage_ratio": 0.11526088440476269,
      "fcf_margin_change": -0.18032564536797185
    },
    {
      "date": "2024-09-30T00:00:00",
      "quarter_label": "2024-09 (Q3)",
      "revenue": 7066000,
      "gross_profit": null,
      "operating_income": -3260000,
      "net_income": -3010000,
      "opex": 10326000,
      "cogs": null,
      "rd": 1160000,
      "sga": null,
      "fcf": -2482000,
      "ocf": -2305000,
      "capex": -177000,
      "gross_margin": null,
      "op_margin": -0.4613642796490235,
      "fcf_margin": -0.35125955278799886,
      "rev_growth_yoy": -0.0157403538097228,
      "rev_growth_yoy_accel": -0.7413005362408154,
      "fcf_margin_change": -0.14395088811321147
    },
    {
      "date": "2024-12-31T00:00:00",
      "quarter_label": "2024-12 (Q4)",
      "revenue": 3363000,
      "gross_profit": null,
      "operating_income": -14086000,
      "net_income": -14273000,
      "opex": -3334000,
      "cogs": null,
      "rd": 1636000,
      "sga": null,
      "fcf": -2843000,
      "ocf": -2843000,
      "capex": null,
      "gross_margin": null,
      "op_margin": -4.1885221528397265,
      "fcf_margin": -0.8453761522450193,
      "incr_op_margin_yoy": 2.4444680399235508,
      "rev_growth_yoy": -0.583374628344896,
      "rev_growth_yoy_accel": -0.5676342745351731,
      "fcf_margin_change": -0.4941165994570204
    }
  ],
  "signals": [
    {
      "quarter": "2024-12 (Q4)",
      "signal": "YoY REVENUE GROWTH DECELERATION",
      "detail": "YoY growth: -58.3% vs prior quarter YoY: -1.6% (decel: -56.8%)",
      "severity": "WARNING"
    },
    {
      "quarter": "2024-09 (Q3)",
      "signal": "YoY REVENUE GROWTH DECELERATION",
      "detail": "YoY growth: -1.6% vs prior quarter YoY: +72.6% (decel: -74.1%)",
      "severity": "WARNING"
    },
    {
      "quarter": "2024-06 (Q2)",
      "signal": "YoY REVENUE GROWTH ACCELERATION",
      "detail": "YoY growth: +72.6% vs prior quarter YoY: +19.6% (accel: +52.9%)",
      "severity": "HIGH"
    },
    {
      "quarter": "2024-03 (Q1)",
      "signal": "FCF MARGIN EXPANSION",
      "detail": "FCF margin: -49.0% -> -2.7% (+46.3%)",
      "severity": "MEDIUM"
    },
    {
      "quarter": "2024-03 (Q1)",
      "signal": "YoY REVENUE GROWTH ACCELERATION",
      "detail": "YoY growth: +19.6% vs prior quarter YoY: +9.4% (accel: +10.2%)",
      "severity": "MEDIUM"
    },
    {
      "quarter": "2023-12 (Q4)",
      "signal": "YoY REVENUE GROWTH ACCELERATION",
      "detail": "YoY growth: +9.4% vs prior quarter YoY: +0.9% (accel: +8.5%)",
      "severity": "MEDIUM"
    },
    {
      "quarter": "2023-09 (Q3)",
      "signal": "FCF MARGIN EXPANSION",
      "detail": "FCF margin: -56.2% -> -40.1% (+16.1%)",
      "severity": "MEDIUM"
    },
    {
      "quarter": "2023-09 (Q3)",
      "signal": "OPERATING LEVERAGE",
      "detail": "Rev growth +42.4% vs OpEx growth +12.4% (leverage: 3.4x)",
      "severity": "MEDIUM"
    },
    {
      "quarter": "2023-09 (Q3)",
      "signal": "YoY REVENUE GROWTH ACCELERATION",
      "detail": "YoY growth: +0.9% vs prior quarter YoY: -25.4% (accel: +26.3%)",
      "severity": "HIGH"
    },
    {
      "quarter": "2023-06 (Q2)",
      "signal": "YoY REVENUE GROWTH DECELERATION",
      "detail": "YoY growth: -25.4% vs prior quarter YoY: +0.5% (decel: -25.8%)",
      "severity": "WARNING"
    },
    {
      "quarter": "2023-03 (Q1)",
      "signal": "YoY REVENUE GROWTH ACCELERATION",
      "detail": "YoY growth: +0.5% vs prior quarter YoY: -33.2% (accel: +33.7%)",
      "severity": "HIGH"
    },
    {
      "quarter": "2022-12 (Q4)",
      "signal": "FCF TURNED POSITIVE",
      "detail": "FCF margin: -50.4% -> +30.3%",
      "severity": "HIGH"
    },
    {
      "quarter": "2022-09 (Q3)",
      "signal": "YoY REVENUE GROWTH DECELERATION",
      "detail": "YoY growth: -36.5% vs prior quarter YoY: -10.5% (decel: -26.0%)",
      "severity": "WARNING"
    },
    {
      "quarter": "2022-06 (Q2)",
      "signal": "FCF MARGIN EXPANSION",
      "detail": "FCF margin: -71.1% -> -51.0% (+20.1%)",
      "severity": "MEDIUM"
    },
    {
      "quarter": "2022-06 (Q2)",
      "signal": "YoY REVENUE GROWTH DECELERATION",
      "detail": "YoY growth: -10.5% vs prior quarter YoY: +74.9% (decel: -85.4%)",
      "severity": "WARNING"
    },
    {
      "quarter": "2022-03 (Q1)",
      "signal": "YoY REVENUE GROWTH ACCELERATION",
      "detail": "YoY growth: +74.9% vs prior quarter YoY: +63.7% (accel: +11.2%)",
      "severity": "MEDIUM"
    },
    {
      "quarter": "2021-12 (Q4)",
      "signal": "YoY REVENUE GROWTH DECELERATION",
      "detail": "YoY growth: +63.7% vs prior quarter YoY: +134.4% (decel: -70.7%)",
      "severity": "WARNING"
    },
    {
      "quarter": "2021-09 (Q3)",
      "signal": "FCF MARGIN EXPANSION",
      "detail": "FCF margin: -52.5% -> -0.3% (+52.3%)",
      "severity": "MEDIUM"
    },
    {
      "quarter": "2021-09 (Q3)",
      "signal": "YoY REVENUE GROWTH ACCELERATION",
      "detail": "YoY growth: +134.4% vs prior quarter YoY: +25.7% (accel: +108.7%)",
      "severity": "HIGH"
    },
    {
      "quarter": "2021-06 (Q2)",
      "signal": "FCF MARGIN EXPANSION",
      "detail": "FCF margin: -107.3% -> -52.5% (+54.8%)",
      "severity": "MEDIUM"
    },
    {
      "quarter": "2021-06 (Q2)",
      "signal": "OPERATING LEVERAGE",
      "detail": "Rev growth +84.6% vs OpEx growth +23.0% (leverage: 3.7x)",
      "severity": "MEDIUM"
    },
    {
      "quarter": "2021-06 (Q2)",
      "signal": "YoY REVENUE GROWTH ACCELERATION",
      "detail": "YoY growth: +25.7% vs prior quarter YoY: -23.6% (accel: +49.2%)",
      "severity": "HIGH"
    },
    {
      "quarter": "2020-12 (Q4)",
      "signal": "FCF MARGIN EXPANSION",
      "detail": "FCF margin: -63.7% -> -54.7% (+9.0%)",
      "severity": "MEDIUM"
    },
    {
      "quarter": "2020-06 (Q2)",
      "signal": "FCF MARGIN EXPANSION",
      "detail": "FCF margin: -84.7% -> -55.7% (+28.9%)",
      "severity": "MEDIUM"
    }
  ],
  "data_quality": {
    "n_quarters": 20,
    "coverage": {
      "revenue": [
        20,
        20
      ],
      "gross_profit": [
        0,
        20
      ],
      "op_income": [
        20,
        20
      ],
      "fcf": [
        20,
        20
      ]
    },
    "gaps": [],
    "warnings": [
      "gross_profit: no data"
    ]
  },
  "market_cap": null,
  "source": "SEC EDGAR",
  "last_updated": "2026-02-03T01:03:03.781108"
}