{
  "ticker": "VLGEA",
  "name": "VILLAGE SUPER MARKET, INC.",
  "quarters": [
    {
      "date": "2021-01-23T00:00:00",
      "quarter_label": "2021-01 (Q1)",
      "revenue": 522818000,
      "gross_profit": 141845000,
      "operating_income": 6603000,
      "net_income": 4555000,
      "opex": 135242000,
      "cogs": 380973000,
      "rd": null,
      "sga": null,
      "fcf": 21607000,
      "ocf": 28264000,
      "capex": -6657000,
      "gross_margin": 0.2713085624442923,
      "op_margin": 0.012629634021781959,
      "fcf_margin": 0.04132795733888275
    },
    {
      "date": "2021-04-24T00:00:00",
      "quarter_label": "2021-04 (Q2)",
      "revenue": 481093000,
      "gross_profit": 133422000,
      "operating_income": 3848000,
      "net_income": 2574000,
      "opex": 129574000,
      "cogs": 347671000,
      "rd": null,
      "sga": null,
      "fcf": 3141000,
      "ocf": 8084000,
      "capex": -4943000,
      "gross_margin": 0.2773309942152557,
      "op_margin": 0.007998453521460508,
      "fcf_margin": 0.006528883188905264,
      "fcf_margin_change": -0.03479907414997748
    },
    {
      "date": "2021-07-31T00:00:00",
      "quarter_label": "2021-07 (Q3)",
      "revenue": 536283000,
      "gross_profit": 151814000,
      "operating_income": 13826000,
      "net_income": 9504000,
      "opex": 137988000,
      "cogs": 384469000,
      "rd": null,
      "sga": null,
      "fcf": 9365000,
      "ocf": 19697000,
      "capex": -10332000,
      "gross_margin": 0.28308560965012874,
      "op_margin": 0.025781164049578302,
      "fcf_margin": 0.01746279483034144,
      "op_leverage_ratio": 1.7666345282731823,
      "fcf_margin_change": 0.010933911641436178
    },
    {
      "date": "2021-10-30T00:00:00",
      "quarter_label": "2021-10 (Q4)",
      "revenue": 494211000,
      "gross_profit": 140180000,
      "operating_income": 10562000,
      "net_income": 7328000,
      "opex": 129618000,
      "cogs": 354031000,
      "rd": null,
      "sga": null,
      "fcf": -5456000,
      "ocf": 7887000,
      "capex": -13343000,
      "gross_margin": 0.2836440305861262,
      "op_margin": 0.021371438515128155,
      "fcf_margin": -0.011039819024667602,
      "fcf_margin_change": -0.028502613855009046
    },
    {
      "date": "2022-01-29T00:00:00",
      "quarter_label": "2022-01 (Q1)",
      "revenue": 537408000,
      "gross_profit": 149611000,
      "operating_income": 14664000,
      "net_income": 10129000,
      "opex": 134947000,
      "cogs": 387797000,
      "rd": null,
      "sga": null,
      "fcf": 15247000,
      "ocf": 32387000,
      "capex": -17140000,
      "gross_margin": 0.2783936971537454,
      "op_margin": 0.027286530903894247,
      "fcf_margin": 0.028371367750387042,
      "incr_op_margin_yoy": 0.5525017135023989,
      "rev_growth_yoy": 0.027906460756898194,
      "op_leverage_ratio": 2.1259878325559955,
      "fcf_margin_change": 0.039411186775054646
    },
    {
      "date": "2022-04-30T00:00:00",
      "quarter_label": "2022-04 (Q2)",
      "revenue": 501962000,
      "gross_profit": 141591000,
      "operating_income": -4290000,
      "net_income": -3231000,
      "opex": 145881000,
      "cogs": 360371000,
      "rd": null,
      "sga": null,
      "fcf": 5077000,
      "ocf": 11428000,
      "capex": -6351000,
      "gross_margin": 0.2820751371617772,
      "op_margin": -0.008546463676533283,
      "fcf_margin": 0.010114311441901976,
      "incr_op_margin_yoy": -0.38995639465235515,
      "rev_growth_yoy": 0.04337830731272332,
      "rev_growth_yoy_accel": 0.015471846555825123,
      "fcf_margin_change": -0.018257056308485065
    },
    {
      "date": "2022-07-30T00:00:00",
      "quarter_label": "2022-07 (Q3)",
      "revenue": 527503000,
      "gross_profit": 148285000,
      "operating_income": 18012000,
      "net_income": 12603000,
      "opex": 130273000,
      "cogs": 379218000,
      "rd": null,
      "sga": null,
      "fcf": 21487000,
      "ocf": 27923000,
      "capex": -6436000,
      "gross_margin": 0.2811074060242311,
      "op_margin": 0.03414577736998652,
      "fcf_margin": 0.040733417629852345,
      "incr_op_margin_yoy": -0.47676537585421414,
      "rev_growth_yoy": -0.016371952868168487,
      "rev_growth_yoy_accel": -0.0597502601808918,
      "op_leverage_ratio": Infinity,
      "fcf_margin_change": 0.03061910618795037
    },
    {
      "date": "2022-10-29T00:00:00",
      "quarter_label": "2022-10 (Q4)",
      "revenue": 519689000,
      "gross_profit": 149285000,
      "operating_income": 15176000,
      "net_income": 11081000,
      "opex": 134109000,
      "cogs": 370404000,
      "rd": null,
      "sga": null,
      "fcf": 12206000,
      "ocf": 22019000,
      "capex": -9813000,
      "gross_margin": 0.2872583410462796,
      "op_margin": 0.02920208047505335,
      "fcf_margin": 0.02348712402994868,
      "incr_op_margin_yoy": 0.18109741737970014,
      "rev_growth_yoy": 0.051552879235792,
      "rev_growth_yoy_accel": 0.06792483210396048,
      "fcf_margin_change": -0.017246293599903664
    },
    {
      "date": "2023-01-28T00:00:00",
      "quarter_label": "2023-01 (Q1)",
      "revenue": 563866000,
      "gross_profit": 154879000,
      "operating_income": 16117000,
      "net_income": 12322000,
      "opex": 138762000,
      "cogs": 408987000,
      "rd": null,
      "sga": null,
      "fcf": 7601000,
      "ocf": 26338000,
      "capex": -18737000,
      "gross_margin": 0.2746734153149862,
      "op_margin": 0.0285830321388415,
      "fcf_margin": 0.01348015308601689,
      "incr_op_margin_yoy": 0.05491722730365107,
      "rev_growth_yoy": 0.049232612837918306,
      "rev_growth_yoy_accel": -0.0023202663978736937,
      "op_leverage_ratio": 2.4500647804115756,
      "fcf_margin_change": -0.01000697094393179
    },
    {
      "date": "2023-04-29T00:00:00",
      "quarter_label": "2023-04 (Q2)",
      "revenue": 529294000,
      "gross_profit": 151223000,
      "operating_income": 14044000,
      "net_income": 11017000,
      "opex": 137179000,
      "cogs": 378071000,
      "rd": null,
      "sga": null,
      "fcf": 12748000,
      "ocf": 19887000,
      "capex": -7139000,
      "gross_margin": 0.28570699837897273,
      "op_margin": 0.02653345777582969,
      "fcf_margin": 0.02408491311067195,
      "incr_op_margin_yoy": 0.6707888189667789,
      "rev_growth_yoy": 0.05445033687809037,
      "rev_growth_yoy_accel": 0.005217724040172067,
      "fcf_margin_change": 0.01060476002465506
    },
    {
      "date": "2023-07-29T00:00:00",
      "quarter_label": "2023-07 (Q3)",
      "revenue": 553806000,
      "gross_profit": 161063000,
      "operating_income": 20208000,
      "net_income": 15294000,
      "opex": 140855000,
      "cogs": 392743000,
      "rd": null,
      "sga": null,
      "fcf": 25558000,
      "ocf": 36269000,
      "capex": -10711000,
      "gross_margin": 0.29082927956721305,
      "op_margin": 0.036489312141796945,
      "fcf_margin": 0.046149734744657875,
      "incr_op_margin_yoy": 0.08348857544766757,
      "rev_growth_yoy": 0.04986322352669084,
      "rev_growth_yoy_accel": -0.004587113351399531,
      "op_leverage_ratio": 1.7281996265680748,
      "fcf_margin_change": 0.022064821633985925
    },
    {
      "date": "2023-10-28T00:00:00",
      "quarter_label": "2023-10 (Q4)",
      "revenue": 536354000,
      "gross_profit": 152948000,
      "operating_income": 14150000,
      "net_income": 11585000,
      "opex": 138798000,
      "cogs": 383406000,
      "rd": null,
      "sga": null,
      "fcf": 4606000,
      "ocf": 18379000,
      "capex": -13773000,
      "gross_margin": 0.2851624113924759,
      "op_margin": 0.026381829910842466,
      "fcf_margin": 0.00858761191302759,
      "incr_op_margin_yoy": -0.06156615661566157,
      "rev_growth_yoy": 0.03206725560864286,
      "rev_growth_yoy_accel": -0.01779596791804798,
      "fcf_margin_change": -0.03756212283163028
    },
    {
      "date": "2024-01-27T00:00:00",
      "quarter_label": "2024-01 (Q1)",
      "revenue": 575579000,
      "gross_profit": 163442000,
      "operating_income": 18442000,
      "net_income": 14480000,
      "opex": 145000000,
      "cogs": 412137000,
      "rd": null,
      "sga": null,
      "fcf": 9285000,
      "ocf": 30295000,
      "capex": -21010000,
      "gross_margin": 0.283961020120609,
      "op_margin": 0.03204077980607354,
      "fcf_margin": 0.0161315822849687,
      "incr_op_margin_yoy": 0.19849739605566466,
      "rev_growth_yoy": 0.02077266584614075,
      "rev_growth_yoy_accel": -0.01129458976250211,
      "op_leverage_ratio": 1.6366766057105886,
      "fcf_margin_change": 0.00754397037194111
    },
    {
      "date": "2024-04-27T00:00:00",
      "quarter_label": "2024-04 (Q2)",
      "revenue": 546396000,
      "gross_profit": 155932000,
      "operating_income": 10204000,
      "net_income": 8966000,
      "opex": 145728000,
      "cogs": 390464000,
      "rd": null,
      "sga": null,
      "fcf": -9954000,
      "ocf": 9366000,
      "capex": -19320000,
      "gross_margin": 0.2853827626849391,
      "op_margin": 0.018675100110542537,
      "fcf_margin": -0.01821755649748534,
      "incr_op_margin_yoy": -0.2245351420886446,
      "rev_growth_yoy": 0.03231096517247503,
      "rev_growth_yoy_accel": 0.011538299326334281,
      "fcf_margin_change": -0.03434913878245404
    },
    {
      "date": "2024-07-27T00:00:00",
      "quarter_label": "2024-07 (Q3)",
      "revenue": 578237000,
      "gross_profit": 169653000,
      "operating_income": 19258000,
      "net_income": 15432000,
      "opex": 150395000,
      "cogs": 408584000,
      "rd": null,
      "sga": null,
      "fcf": 13799000,
      "ocf": 22809000,
      "capex": -9010000,
      "gross_margin": 0.2933969981166892,
      "op_margin": 0.033304683027893404,
      "fcf_margin": 0.02386391739027423,
      "incr_op_margin_yoy": -0.03888502312635586,
      "rev_growth_yoy": 0.04411472609541969,
      "rev_growth_yoy_accel": 0.011803760922944662,
      "op_leverage_ratio": 1.8196354583311254,
      "fcf_margin_change": 0.04208147388775957
    },
    {
      "date": "2024-10-26T00:00:00",
      "quarter_label": "2024-10 (Q4)",
      "revenue": 557697000,
      "gross_profit": 161878000,
      "operating_income": 15976000,
      "net_income": 12803000,
      "opex": 145902000,
      "cogs": 395819000,
      "rd": null,
      "sga": null,
      "fcf": 8474000,
      "ocf": 20175000,
      "capex": -11701000,
      "gross_margin": 0.2902615577993068,
      "op_margin": 0.02864637966494351,
      "fcf_margin": 0.01519463077621002,
      "incr_op_margin_yoy": 0.08555498289837417,
      "rev_growth_yoy": 0.03979274881887709,
      "rev_growth_yoy_accel": -0.004321977276542606,
      "fcf_margin_change": -0.008669286614064211
    },
    {
      "date": "2025-01-25T00:00:00",
      "quarter_label": "2025-01 (Q1)",
      "revenue": 599651000,
      "gross_profit": 170006000,
      "operating_income": 22150000,
      "net_income": 16896000,
      "opex": 147856000,
      "cogs": 429645000,
      "rd": null,
      "sga": null,
      "fcf": 24930000,
      "ocf": 40777000,
      "capex": -15847000,
      "gross_margin": 0.28350824062663116,
      "op_margin": 0.03693815235862193,
      "fcf_margin": 0.04157418231604717,
      "incr_op_margin_yoy": 0.15403788634097706,
      "rev_growth_yoy": 0.041822234654148256,
      "rev_growth_yoy_accel": 0.002029485835271169,
      "op_leverage_ratio": 5.6170947714683095,
      "fcf_margin_change": 0.02637955153983715
    },
    {
      "date": "2025-04-26T00:00:00",
      "quarter_label": "2025-04 (Q2)",
      "revenue": 563669000,
      "gross_profit": 162181000,
      "operating_income": 13725000,
      "net_income": 11161000,
      "opex": 148456000,
      "cogs": 401488000,
      "rd": null,
      "sga": null,
      "fcf": -10571000,
      "ocf": 10586000,
      "capex": -21157000,
      "gross_margin": 0.2877238237334322,
      "op_margin": 0.02434939654300662,
      "fcf_margin": -0.018753914087877816,
      "incr_op_margin_yoy": 0.20384414982921323,
      "rev_growth_yoy": 0.03161260331334783,
      "rev_growth_yoy_accel": -0.010209631340800426,
      "fcf_margin_change": -0.06032809640392499
    },
    {
      "date": "2025-07-26T00:00:00",
      "quarter_label": "2025-07 (Q3)",
      "revenue": 599674000,
      "gross_profit": 168901000,
      "operating_income": 20218000,
      "net_income": 15522000,
      "opex": 148683000,
      "cogs": 430773000,
      "rd": null,
      "sga": null,
      "fcf": 11624000,
      "ocf": 21684000,
      "capex": -10060000,
      "gross_margin": 0.2816546990531522,
      "op_margin": 0.03371498514192711,
      "fcf_margin": 0.019383865233443504,
      "incr_op_margin_yoy": 0.0447823855949993,
      "rev_growth_yoy": 0.037073034067346085,
      "rev_growth_yoy_accel": 0.005460430753998255,
      "op_leverage_ratio": 41.774432823750104,
      "fcf_margin_change": 0.03813777932132132
    },
    {
      "date": "2025-10-25T00:00:00",
      "quarter_label": "2025-10 (Q4)",
      "revenue": 582593000,
      "gross_profit": 164951000,
      "operating_income": 15101000,
      "net_income": 12002000,
      "opex": 149850000,
      "cogs": 417642000,
      "rd": null,
      "sga": null,
      "fcf": 10710000,
      "ocf": 19656000,
      "capex": -8946000,
      "gross_margin": 0.2831324784197544,
      "op_margin": 0.02592032516696905,
      "fcf_margin": 0.0183833310733222,
      "incr_op_margin_yoy": -0.03514620822622108,
      "rev_growth_yoy": 0.04464072785042774,
      "rev_growth_yoy_accel": 0.007567693783081655,
      "fcf_margin_change": -0.001000534160121306
    }
  ],
  "signals": [
    {
      "quarter": "2025-07 (Q3)",
      "signal": "FCF TURNED POSITIVE",
      "detail": "FCF margin: -1.9% -> +1.9%",
      "severity": "HIGH"
    },
    {
      "quarter": "2025-07 (Q3)",
      "signal": "OPERATING LEVERAGE",
      "detail": "Rev growth +6.4% vs OpEx growth +0.2% (leverage: 41.8x)",
      "severity": "MEDIUM"
    },
    {
      "quarter": "2025-04 (Q2)",
      "signal": "INCREMENTAL MARGIN (YoY)",
      "detail": "YoY Incr OPM: +20.4% vs year-ago OPM: +1.9%",
      "severity": "MEDIUM"
    },
    {
      "quarter": "2025-01 (Q1)",
      "signal": "OPERATING LEVERAGE",
      "detail": "Rev growth +7.5% vs OpEx growth +1.3% (leverage: 5.6x)",
      "severity": "MEDIUM"
    },
    {
      "quarter": "2025-01 (Q1)",
      "signal": "INCREMENTAL MARGIN (YoY)",
      "detail": "YoY Incr OPM: +15.4% vs year-ago OPM: +3.2%",
      "severity": "MEDIUM"
    },
    {
      "quarter": "2024-07 (Q3)",
      "signal": "FCF TURNED POSITIVE",
      "detail": "FCF margin: -1.8% -> +2.4%",
      "severity": "HIGH"
    },
    {
      "quarter": "2024-07 (Q3)",
      "signal": "OPERATING LEVERAGE",
      "detail": "Rev growth +5.8% vs OpEx growth +3.2% (leverage: 1.8x)",
      "severity": "MEDIUM"
    },
    {
      "quarter": "2024-01 (Q1)",
      "signal": "OPERATING LEVERAGE",
      "detail": "Rev growth +7.3% vs OpEx growth +4.5% (leverage: 1.6x)",
      "severity": "MEDIUM"
    },
    {
      "quarter": "2024-01 (Q1)",
      "signal": "INCREMENTAL MARGIN (YoY)",
      "detail": "YoY Incr OPM: +19.8% vs year-ago OPM: +2.9%",
      "severity": "MEDIUM"
    },
    {
      "quarter": "2023-07 (Q3)",
      "signal": "OPERATING LEVERAGE",
      "detail": "Rev growth +4.6% vs OpEx growth +2.7% (leverage: 1.7x)",
      "severity": "MEDIUM"
    },
    {
      "quarter": "2023-04 (Q2)",
      "signal": "OP MARGIN TURNED POSITIVE (YoY)",
      "detail": "Op margin: -0.9% (year-ago) -> +2.7%",
      "severity": "HIGH"
    },
    {
      "quarter": "2023-01 (Q1)",
      "signal": "OPERATING LEVERAGE",
      "detail": "Rev growth +8.5% vs OpEx growth +3.5% (leverage: 2.5x)",
      "severity": "MEDIUM"
    },
    {
      "quarter": "2022-10 (Q4)",
      "signal": "YoY REVENUE GROWTH ACCELERATION",
      "detail": "YoY growth: +5.2% vs prior quarter YoY: -1.6% (accel: +6.8%)",
      "severity": "MEDIUM"
    },
    {
      "quarter": "2022-10 (Q4)",
      "signal": "INCREMENTAL MARGIN (YoY)",
      "detail": "YoY Incr OPM: +18.1% vs year-ago OPM: +2.1%",
      "severity": "MEDIUM"
    },
    {
      "quarter": "2022-07 (Q3)",
      "signal": "YoY REVENUE GROWTH DECELERATION",
      "detail": "YoY growth: -1.6% vs prior quarter YoY: +4.3% (decel: -6.0%)",
      "severity": "WARNING"
    },
    {
      "quarter": "2022-07 (Q3)",
      "signal": "OP MARGIN TURNED POSITIVE (QoQ)",
      "detail": "Op margin: -0.9% -> +3.4%",
      "severity": "HIGH"
    },
    {
      "quarter": "2022-01 (Q1)",
      "signal": "FCF TURNED POSITIVE",
      "detail": "FCF margin: -1.1% -> +2.8%",
      "severity": "HIGH"
    },
    {
      "quarter": "2022-01 (Q1)",
      "signal": "OPERATING LEVERAGE",
      "detail": "Rev growth +8.7% vs OpEx growth +4.1% (leverage: 2.1x)",
      "severity": "MEDIUM"
    },
    {
      "quarter": "2022-01 (Q1)",
      "signal": "INCREMENTAL MARGIN (YoY)",
      "detail": "YoY Incr OPM: +55.3% vs year-ago OPM: +1.3%",
      "severity": "HIGH"
    },
    {
      "quarter": "2021-07 (Q3)",
      "signal": "OPERATING LEVERAGE",
      "detail": "Rev growth +11.5% vs OpEx growth +6.5% (leverage: 1.8x)",
      "severity": "MEDIUM"
    }
  ],
  "data_quality": {
    "n_quarters": 20,
    "coverage": {
      "revenue": [
        20,
        20
      ],
      "gross_profit": [
        20,
        20
      ],
      "op_income": [
        20,
        20
      ],
      "fcf": [
        20,
        20
      ]
    },
    "gaps": [],
    "warnings": []
  },
  "market_cap": null,
  "source": "SEC EDGAR",
  "last_updated": "2026-02-02T22:24:12.761583"
}