{
  "ticker": "VLTO",
  "name": "VERALTO CORPORATION",
  "sector": "Industrials",
  "industry": "Pollution & Treatment Controls",
  "quarters": [
    {
      "date": "2022-09-30T00:00:00",
      "quarter_label": "2022-09 (Q3)",
      "revenue": 1219000000,
      "gross_profit": 694000000,
      "operating_income": 285000000,
      "net_income": 218000000,
      "opex": 409000000,
      "cogs": 525000000,
      "rd": 52000000,
      "sga": 357000000,
      "fcf": null,
      "ocf": null,
      "capex": null,
      "gross_margin": 0.5693191140278917,
      "op_margin": 0.23379819524200163,
      "fcf_margin": null
    },
    {
      "date": "2022-12-31T00:00:00",
      "quarter_label": "2022-12 (Q4)",
      "revenue": 1248000000,
      "gross_profit": 711000000,
      "operating_income": 294000000,
      "net_income": 216000000,
      "opex": 417000000,
      "cogs": 537000000,
      "rd": 53000000,
      "sga": 364000000,
      "fcf": 329000000,
      "ocf": 337000000,
      "capex": -8000000,
      "gross_margin": 0.5697115384615384,
      "op_margin": 0.23557692307692307,
      "fcf_margin": 0.2636217948717949,
      "op_leverage_ratio": 1.2162633305988515
    },
    {
      "date": "2023-03-31T00:00:00",
      "quarter_label": "2023-03 (Q1)",
      "revenue": 1225000000,
      "gross_profit": 708000000,
      "operating_income": 292000000,
      "net_income": 225000000,
      "opex": 416000000,
      "cogs": 517000000,
      "rd": 56000000,
      "sga": 360000000,
      "fcf": 147000000,
      "ocf": 156000000,
      "capex": -9000000,
      "gross_margin": 0.5779591836734694,
      "op_margin": 0.2383673469387755,
      "fcf_margin": 0.12,
      "fcf_margin_change": -0.14362179487179488
    },
    {
      "date": "2023-06-30T00:00:00",
      "quarter_label": "2023-06 (Q2)",
      "revenue": 1253000000,
      "gross_profit": 724000000,
      "operating_income": 289000000,
      "net_income": 209000000,
      "opex": 435000000,
      "cogs": 529000000,
      "rd": 57000000,
      "sga": 378000000,
      "fcf": 289000000,
      "ocf": 301000000,
      "capex": -12000000,
      "gross_margin": 0.5778132482043097,
      "op_margin": 0.2306464485235435,
      "fcf_margin": 0.2306464485235435,
      "op_leverage_ratio": 0.5004511278195489,
      "fcf_margin_change": 0.1106464485235435
    },
    {
      "date": "2023-09-29T00:00:00",
      "quarter_label": "2023-09 (Q3)",
      "revenue": 1255000000,
      "gross_profit": 723000000,
      "operating_income": 273000000,
      "net_income": 205000000,
      "opex": 450000000,
      "cogs": 532000000,
      "rd": 55000000,
      "sga": 395000000,
      "fcf": 232000000,
      "ocf": 243000000,
      "capex": -11000000,
      "gross_margin": 0.5760956175298805,
      "op_margin": 0.21752988047808766,
      "fcf_margin": 0.1848605577689243,
      "incr_op_margin_yoy": -0.3333333333333333,
      "rev_growth_yoy": 0.029532403609515995,
      "fcf_margin_change": -0.045785890754619196
    },
    {
      "date": "2023-12-31T00:00:00",
      "quarter_label": "2023-12 (Q4)",
      "revenue": 1288000000,
      "gross_profit": 746000000,
      "operating_income": 286000000,
      "net_income": 200000000,
      "opex": 460000000,
      "cogs": 542000000,
      "rd": 57000000,
      "sga": 403000000,
      "fcf": 241000000,
      "ocf": 263000000,
      "capex": -22000000,
      "gross_margin": 0.5791925465838509,
      "op_margin": 0.2220496894409938,
      "fcf_margin": 0.18711180124223603,
      "incr_op_margin_yoy": -0.2,
      "rev_growth_yoy": 0.03205128205128205,
      "rev_growth_yoy_accel": 0.002518878441766053,
      "op_leverage_ratio": 1.1832669322709164,
      "fcf_margin_change": 0.002251243473311737
    },
    {
      "date": "2024-03-29T00:00:00",
      "quarter_label": "2024-03 (Q1)",
      "revenue": 1246000000,
      "gross_profit": 747000000,
      "operating_income": 293000000,
      "net_income": 184000000,
      "opex": 454000000,
      "cogs": 499000000,
      "rd": 60000000,
      "sga": 394000000,
      "fcf": 102000000,
      "ocf": 115000000,
      "capex": -13000000,
      "gross_margin": 0.5995184590690209,
      "op_margin": 0.23515248796147672,
      "fcf_margin": 0.08186195826645265,
      "incr_op_margin_yoy": 0.047619047619047616,
      "rev_growth_yoy": 0.017142857142857144,
      "rev_growth_yoy_accel": -0.014908424908424905,
      "fcf_margin_change": -0.10524984297578338
    },
    {
      "date": "2024-06-28T00:00:00",
      "quarter_label": "2024-06 (Q2)",
      "revenue": 1288000000,
      "gross_profit": 774000000,
      "operating_income": 299000000,
      "net_income": 203000000,
      "opex": 475000000,
      "cogs": 514000000,
      "rd": 61000000,
      "sga": 414000000,
      "fcf": 240000000,
      "ocf": 251000000,
      "capex": -11000000,
      "gross_margin": 0.6009316770186336,
      "op_margin": 0.23214285714285715,
      "fcf_margin": 0.18633540372670807,
      "incr_op_margin_yoy": 0.2857142857142857,
      "rev_growth_yoy": 0.027932960893854747,
      "rev_growth_yoy_accel": 0.010790103750997603,
      "op_leverage_ratio": 0.7287319422150883,
      "fcf_margin_change": 0.10447344546025542
    },
    {
      "date": "2024-09-27T00:00:00",
      "quarter_label": "2024-09 (Q3)",
      "revenue": 1314000000,
      "gross_profit": 783000000,
      "operating_income": 308000000,
      "net_income": 219000000,
      "opex": 475000000,
      "cogs": 531000000,
      "rd": 63000000,
      "sga": 412000000,
      "fcf": 215000000,
      "ocf": 224000000,
      "capex": -9000000,
      "gross_margin": 0.5958904109589042,
      "op_margin": 0.2343987823439878,
      "fcf_margin": 0.16362252663622526,
      "incr_op_margin_yoy": 0.5932203389830508,
      "rev_growth_yoy": 0.04701195219123506,
      "rev_growth_yoy_accel": 0.01907899129738031,
      "op_leverage_ratio": null,
      "fcf_margin_change": -0.022712877090482808
    },
    {
      "date": "2024-12-31T00:00:00",
      "quarter_label": "2024-12 (Q4)",
      "revenue": 1345000000,
      "gross_profit": 801000000,
      "operating_income": 308000000,
      "net_income": 227000000,
      "opex": 493000000,
      "cogs": 544000000,
      "rd": 69000000,
      "sga": 424000000,
      "fcf": 263000000,
      "ocf": 285000000,
      "capex": -22000000,
      "gross_margin": 0.5955390334572491,
      "op_margin": 0.22899628252788104,
      "fcf_margin": 0.19553903345724907,
      "incr_op_margin_yoy": 0.38596491228070173,
      "rev_growth_yoy": 0.04425465838509317,
      "rev_growth_yoy_accel": -0.0027572938061418903,
      "op_leverage_ratio": 0.6225689159479113,
      "fcf_margin_change": 0.031916506821023816
    },
    {
      "date": "2025-04-04T00:00:00",
      "quarter_label": "2025-04 (Q2)",
      "revenue": 1332000000,
      "gross_profit": 805000000,
      "operating_income": 322000000,
      "net_income": 225000000,
      "opex": 483000000,
      "cogs": 527000000,
      "rd": 64000000,
      "sga": 419000000,
      "fcf": 142000000,
      "ocf": 157000000,
      "capex": -15000000,
      "gross_margin": 0.6043543543543544,
      "op_margin": 0.24174174174174173,
      "fcf_margin": 0.1066066066066066,
      "incr_op_margin_yoy": 0.3372093023255814,
      "rev_growth_yoy": 0.06902086677367576,
      "rev_growth_yoy_accel": 0.024766208388582595,
      "fcf_margin_change": -0.08893242685064247
    },
    {
      "date": "2025-07-04T00:00:00",
      "quarter_label": "2025-07 (Q3)",
      "revenue": 1371000000,
      "gross_profit": 822000000,
      "operating_income": 313000000,
      "net_income": 222000000,
      "opex": 509000000,
      "cogs": 549000000,
      "rd": 67000000,
      "sga": 442000000,
      "fcf": 323000000,
      "ocf": 339000000,
      "capex": -16000000,
      "gross_margin": 0.5995623632385121,
      "op_margin": 0.22830051057622175,
      "fcf_margin": 0.23559445660102116,
      "incr_op_margin_yoy": 0.1686746987951807,
      "rev_growth_yoy": 0.06444099378881987,
      "rev_growth_yoy_accel": -0.00457987298485589,
      "op_leverage_ratio": 0.5439189189189189,
      "fcf_margin_change": 0.12898784999441454
    },
    {
      "date": "2025-10-03T00:00:00",
      "quarter_label": "2025-10 (Q4)",
      "revenue": 1404000000,
      "gross_profit": 844000000,
      "operating_income": 326000000,
      "net_income": 239000000,
      "opex": 518000000,
      "cogs": 560000000,
      "rd": 67000000,
      "sga": 451000000,
      "fcf": 258000000,
      "ocf": 270000000,
      "capex": -12000000,
      "gross_margin": 0.6011396011396012,
      "op_margin": 0.23219373219373218,
      "fcf_margin": 0.18376068376068377,
      "incr_op_margin_yoy": 0.2,
      "rev_growth_yoy": 0.0684931506849315,
      "rev_growth_yoy_accel": 0.0040521568961116305,
      "op_leverage_ratio": 1.3612934597617312,
      "fcf_margin_change": -0.05183377284033738
    },
    {
      "date": "2025-12-31T00:00:00",
      "quarter_label": "2025-12 (Q4)",
      "revenue": 1396000000,
      "gross_profit": 828000000,
      "operating_income": 316000000,
      "net_income": 254000000,
      "opex": 512000000,
      "cogs": 568000000,
      "rd": 68000000,
      "sga": 444000000,
      "fcf": 291000000,
      "ocf": 311000000,
      "capex": -20000000,
      "gross_margin": 0.5931232091690545,
      "op_margin": 0.22636103151862463,
      "fcf_margin": 0.20845272206303725,
      "incr_op_margin_yoy": 0.1568627450980392,
      "rev_growth_yoy": 0.0379182156133829,
      "rev_growth_yoy_accel": -0.030574935071548605,
      "fcf_margin_change": 0.024692038302353475
    }
  ],
  "signals": [
    {
      "quarter": "2025-07 (Q3)",
      "signal": "FCF MARGIN EXPANSION",
      "detail": "FCF margin: +10.7% -> +23.6% (+12.9%)",
      "severity": "MEDIUM"
    },
    {
      "quarter": "2025-04 (Q2)",
      "signal": "INCREMENTAL MARGIN (YoY)",
      "detail": "YoY Incr OPM: +33.7% vs year-ago OPM: +23.5%",
      "severity": "MEDIUM"
    },
    {
      "quarter": "2024-12 (Q4)",
      "signal": "INCREMENTAL MARGIN (YoY)",
      "detail": "YoY Incr OPM: +38.6% vs year-ago OPM: +22.2%",
      "severity": "MEDIUM"
    },
    {
      "quarter": "2024-09 (Q3)",
      "signal": "INCREMENTAL MARGIN (YoY)",
      "detail": "YoY Incr OPM: +59.3% vs year-ago OPM: +21.8%",
      "severity": "HIGH"
    },
    {
      "quarter": "2024-06 (Q2)",
      "signal": "FCF MARGIN EXPANSION",
      "detail": "FCF margin: +8.2% -> +18.6% (+10.4%)",
      "severity": "MEDIUM"
    },
    {
      "quarter": "2023-06 (Q2)",
      "signal": "FCF MARGIN EXPANSION",
      "detail": "FCF margin: +12.0% -> +23.1% (+11.1%)",
      "severity": "MEDIUM"
    }
  ],
  "data_quality": {
    "n_quarters": 14,
    "coverage": {
      "revenue": [
        14,
        14
      ],
      "gross_profit": [
        14,
        14
      ],
      "op_income": [
        14,
        14
      ],
      "fcf": [
        13,
        14
      ]
    },
    "gaps": [],
    "warnings": []
  },
  "market_cap": null,
  "source": "SEC EDGAR",
  "last_updated": "2026-02-24T10:12:50.685116"
}