{
  "ticker": "VNO-PN",
  "name": "VORNADO REALTY TRUST",
  "quarters": [
    {
      "date": "2020-12-31T00:00:00",
      "quarter_label": "2020-12 (Q4)",
      "revenue": 376431000,
      "gross_profit": null,
      "operating_income": null,
      "net_income": -194979000,
      "opex": 606911000,
      "cogs": null,
      "rd": null,
      "sga": null,
      "fcf": 232880000,
      "ocf": 232880000,
      "capex": null,
      "gross_margin": null,
      "op_margin": null,
      "fcf_margin": 0.618652555182756
    },
    {
      "date": "2021-03-31T00:00:00",
      "quarter_label": "2021-03 (Q1)",
      "revenue": 379977000,
      "gross_profit": null,
      "operating_income": null,
      "net_income": 20550000,
      "opex": 334607000,
      "cogs": null,
      "rd": null,
      "sga": null,
      "fcf": 224185000,
      "ocf": 224185000,
      "capex": null,
      "gross_margin": null,
      "op_margin": null,
      "fcf_margin": 0.5899962366143214,
      "fcf_margin_change": -0.028656318568434536
    },
    {
      "date": "2021-06-30T00:00:00",
      "quarter_label": "2021-06 (Q2)",
      "revenue": 378941000,
      "gross_profit": null,
      "operating_income": null,
      "net_income": 64512000,
      "opex": 314783000,
      "cogs": null,
      "rd": null,
      "sga": null,
      "fcf": 248524000,
      "ocf": 248524000,
      "capex": null,
      "gross_margin": null,
      "op_margin": null,
      "fcf_margin": 0.6558382439482664,
      "fcf_margin_change": 0.06584200733394496
    },
    {
      "date": "2021-09-30T00:00:00",
      "quarter_label": "2021-09 (Q3)",
      "revenue": 409212000,
      "gross_profit": null,
      "operating_income": null,
      "net_income": 63522000,
      "opex": 349599000,
      "cogs": null,
      "rd": null,
      "sga": null,
      "fcf": 5394000,
      "ocf": 5394000,
      "capex": null,
      "gross_margin": null,
      "op_margin": null,
      "fcf_margin": 0.01318143162957098,
      "op_leverage_ratio": 0.7222500283861172,
      "fcf_margin_change": -0.6426568123186954
    },
    {
      "date": "2021-12-31T00:00:00",
      "quarter_label": "2021-12 (Q4)",
      "revenue": 421080000,
      "gross_profit": null,
      "operating_income": null,
      "net_income": 27415000,
      "opex": 368880000,
      "cogs": null,
      "rd": null,
      "sga": null,
      "fcf": 283703000,
      "ocf": 283703000,
      "capex": null,
      "gross_margin": null,
      "op_margin": null,
      "fcf_margin": 0.6737508311959722,
      "rev_growth_yoy": 0.11861137897782063,
      "op_leverage_ratio": 0.5258595966355849,
      "fcf_margin_change": 0.6605693995664013
    },
    {
      "date": "2022-03-31T00:00:00",
      "quarter_label": "2022-03 (Q1)",
      "revenue": 442130000,
      "gross_profit": null,
      "operating_income": null,
      "net_income": 42007000,
      "opex": 374249000,
      "cogs": null,
      "rd": null,
      "sga": null,
      "fcf": 171014000,
      "ocf": 171014000,
      "capex": null,
      "gross_margin": null,
      "op_margin": null,
      "fcf_margin": 0.3867957388098523,
      "rev_growth_yoy": 0.16357042663108556,
      "rev_growth_yoy_accel": 0.04495904765326493,
      "op_leverage_ratio": 3.434623927690184,
      "fcf_margin_change": -0.28695509238611994
    },
    {
      "date": "2022-06-30T00:00:00",
      "quarter_label": "2022-06 (Q2)",
      "revenue": 453494000,
      "gross_profit": null,
      "operating_income": null,
      "net_income": 65947000,
      "opex": 368239000,
      "cogs": null,
      "rd": null,
      "sga": null,
      "fcf": 259611000,
      "ocf": 259611000,
      "capex": null,
      "gross_margin": null,
      "op_margin": null,
      "fcf_margin": 0.572468433981486,
      "rev_growth_yoy": 0.19674038966488186,
      "rev_growth_yoy_accel": 0.033169963033796296,
      "op_leverage_ratio": Infinity,
      "fcf_margin_change": 0.18567269517163365
    },
    {
      "date": "2022-09-30T00:00:00",
      "quarter_label": "2022-09 (Q3)",
      "revenue": 457431000,
      "gross_profit": null,
      "operating_income": null,
      "net_income": 23298000,
      "opex": 385692000,
      "cogs": null,
      "rd": null,
      "sga": null,
      "fcf": 129202000,
      "ocf": 129202000,
      "capex": null,
      "gross_margin": null,
      "op_margin": null,
      "fcf_margin": 0.2824513423882509,
      "rev_growth_yoy": 0.11783378786545849,
      "rev_growth_yoy_accel": -0.07890660179942337,
      "fcf_margin_change": -0.290017091593235
    },
    {
      "date": "2022-12-31T00:00:00",
      "quarter_label": "2022-12 (Q4)",
      "revenue": 446940000,
      "gross_profit": null,
      "operating_income": null,
      "net_income": -477751000,
      "opex": 406069000,
      "cogs": null,
      "rd": null,
      "sga": null,
      "fcf": 239117000,
      "ocf": 239117000,
      "capex": null,
      "gross_margin": null,
      "op_margin": null,
      "fcf_margin": 0.5350091734908489,
      "rev_growth_yoy": 0.06141350812197207,
      "rev_growth_yoy_accel": -0.05642027974348642,
      "fcf_margin_change": 0.25255783110259794
    },
    {
      "date": "2023-03-31T00:00:00",
      "quarter_label": "2023-03 (Q1)",
      "revenue": 445923000,
      "gross_profit": null,
      "operating_income": null,
      "net_income": 20697000,
      "opex": 381319000,
      "cogs": null,
      "rd": null,
      "sga": null,
      "fcf": 91872000,
      "ocf": 91872000,
      "capex": null,
      "gross_margin": null,
      "op_margin": null,
      "fcf_margin": 0.20602660100510625,
      "rev_growth_yoy": 0.008578924750638952,
      "rev_growth_yoy_accel": -0.05283458337133312,
      "fcf_margin_change": -0.3289825724857426
    },
    {
      "date": "2023-06-30T00:00:00",
      "quarter_label": "2023-06 (Q2)",
      "revenue": 472359000,
      "gross_profit": null,
      "operating_income": null,
      "net_income": 61906000,
      "opex": 371507000,
      "cogs": null,
      "rd": null,
      "sga": null,
      "fcf": 282869000,
      "ocf": 282869000,
      "capex": null,
      "gross_margin": null,
      "op_margin": null,
      "fcf_margin": 0.5988432526955134,
      "rev_growth_yoy": 0.041599227332665925,
      "rev_growth_yoy_accel": 0.03302030258202697,
      "op_leverage_ratio": Infinity,
      "fcf_margin_change": 0.39281665169040714
    },
    {
      "date": "2023-09-30T00:00:00",
      "quarter_label": "2023-09 (Q3)",
      "revenue": 450995000,
      "gross_profit": null,
      "operating_income": null,
      "net_income": 68375000,
      "opex": 382368000,
      "cogs": null,
      "rd": null,
      "sga": null,
      "fcf": 62134000,
      "ocf": 62134000,
      "capex": null,
      "gross_margin": null,
      "op_margin": null,
      "fcf_margin": 0.13777092872426525,
      "rev_growth_yoy": -0.014069881577768013,
      "rev_growth_yoy_accel": -0.05566910891043394,
      "fcf_margin_change": -0.4610723239712482
    },
    {
      "date": "2023-12-31T00:00:00",
      "quarter_label": "2023-12 (Q4)",
      "revenue": 441886000,
      "gross_profit": null,
      "operating_income": null,
      "net_income": -45484000,
      "opex": 429973000,
      "cogs": null,
      "rd": null,
      "sga": null,
      "fcf": 211277000,
      "ocf": 211277000,
      "capex": null,
      "gross_margin": null,
      "op_margin": null,
      "fcf_margin": 0.47812557990069837,
      "rev_growth_yoy": -0.011308005548843245,
      "rev_growth_yoy_accel": 0.0027618760289247687,
      "fcf_margin_change": 0.34035465117643315
    },
    {
      "date": "2024-03-31T00:00:00",
      "quarter_label": "2024-03 (Q1)",
      "revenue": 436375000,
      "gross_profit": null,
      "operating_income": null,
      "net_income": 6495000,
      "opex": 377953000,
      "cogs": null,
      "rd": null,
      "sga": null,
      "fcf": 31485000,
      "ocf": 31485000,
      "capex": null,
      "gross_margin": null,
      "op_margin": null,
      "fcf_margin": 0.07215124606130048,
      "rev_growth_yoy": -0.02141176839947704,
      "rev_growth_yoy_accel": -0.010103762850633795,
      "fcf_margin_change": -0.4059743338393979
    },
    {
      "date": "2024-06-30T00:00:00",
      "quarter_label": "2024-06 (Q2)",
      "revenue": 450266000,
      "gross_profit": null,
      "operating_income": null,
      "net_income": 50789000,
      "opex": 382388000,
      "cogs": null,
      "rd": null,
      "sga": null,
      "fcf": 194679000,
      "ocf": 194679000,
      "capex": null,
      "gross_margin": null,
      "op_margin": null,
      "fcf_margin": 0.4323644245845789,
      "rev_growth_yoy": -0.0467716292057524,
      "rev_growth_yoy_accel": -0.025359860806275364,
      "op_leverage_ratio": 2.7128002839319145,
      "fcf_margin_change": 0.36021317852327844
    },
    {
      "date": "2024-09-30T00:00:00",
      "quarter_label": "2024-09 (Q3)",
      "revenue": 443255000,
      "gross_profit": null,
      "operating_income": null,
      "net_income": -3626000,
      "opex": 392724000,
      "cogs": null,
      "rd": null,
      "sga": null,
      "fcf": 105379000,
      "ocf": 105379000,
      "capex": null,
      "gross_margin": null,
      "op_margin": null,
      "fcf_margin": 0.2377389989960632,
      "rev_growth_yoy": -0.017162052794376877,
      "rev_growth_yoy_accel": 0.029609576411375526,
      "fcf_margin_change": -0.1946254255885157
    },
    {
      "date": "2024-12-31T00:00:00",
      "quarter_label": "2024-12 (Q4)",
      "revenue": 457790000,
      "gross_profit": null,
      "operating_income": null,
      "net_income": 16729000,
      "opex": 388631000,
      "cogs": null,
      "rd": null,
      "sga": null,
      "fcf": 206180000,
      "ocf": 206180000,
      "capex": null,
      "gross_margin": null,
      "op_margin": null,
      "fcf_margin": 0.4503811791432753,
      "rev_growth_yoy": 0.03599118324635766,
      "rev_growth_yoy_accel": 0.05315323604073453,
      "op_leverage_ratio": Infinity,
      "fcf_margin_change": 0.2126421801472121
    },
    {
      "date": "2025-03-31T00:00:00",
      "quarter_label": "2025-03 (Q1)",
      "revenue": 461579000,
      "gross_profit": null,
      "operating_income": null,
      "net_income": 102368000,
      "opex": 378446000,
      "cogs": null,
      "rd": null,
      "sga": null,
      "fcf": 52034000,
      "ocf": 52034000,
      "capex": null,
      "gross_margin": null,
      "op_margin": null,
      "fcf_margin": 0.11273043184373639,
      "rev_growth_yoy": 0.05775766256087081,
      "rev_growth_yoy_accel": 0.02176647931451315,
      "fcf_margin_change": -0.3376507472995389
    },
    {
      "date": "2025-06-30T00:00:00",
      "quarter_label": "2025-06 (Q2)",
      "revenue": 441437000,
      "gross_profit": null,
      "operating_income": null,
      "net_income": 759345000,
      "opex": 378744000,
      "cogs": null,
      "rd": null,
      "sga": null,
      "fcf": 1026912000,
      "ocf": 1026912000,
      "capex": null,
      "gross_margin": null,
      "op_margin": null,
      "fcf_margin": 2.326293446176918,
      "rev_growth_yoy": -0.01960840925142027,
      "rev_growth_yoy_accel": -0.07736607181229108,
      "fcf_margin_change": 2.2135630143331815
    },
    {
      "date": "2025-09-30T00:00:00",
      "quarter_label": "2025-09 (Q3)",
      "revenue": 453700000,
      "gross_profit": null,
      "operating_income": null,
      "net_income": 27115000,
      "opex": 406700000,
      "cogs": null,
      "rd": null,
      "sga": null,
      "fcf": 33166000,
      "ocf": 33166000,
      "capex": null,
      "gross_margin": null,
      "op_margin": null,
      "fcf_margin": 0.0731011681728014,
      "rev_growth_yoy": 0.023564313995330002,
      "rev_growth_yoy_accel": 0.04317272324675027,
      "op_leverage_ratio": 0.3763558979306424,
      "fcf_margin_change": -2.2531922780041165
    }
  ],
  "signals": [
    {
      "quarter": "2025-06 (Q2)",
      "signal": "FCF MARGIN EXPANSION",
      "detail": "FCF margin: +11.3% -> +232.6% (+221.4%)",
      "severity": "MEDIUM"
    },
    {
      "quarter": "2025-06 (Q2)",
      "signal": "YoY REVENUE GROWTH DECELERATION",
      "detail": "YoY growth: -2.0% vs prior quarter YoY: +5.8% (decel: -7.7%)",
      "severity": "WARNING"
    },
    {
      "quarter": "2024-12 (Q4)",
      "signal": "FCF MARGIN EXPANSION",
      "detail": "FCF margin: +23.8% -> +45.0% (+21.3%)",
      "severity": "MEDIUM"
    },
    {
      "quarter": "2024-12 (Q4)",
      "signal": "YoY REVENUE GROWTH ACCELERATION",
      "detail": "YoY growth: +3.6% vs prior quarter YoY: -1.7% (accel: +5.3%)",
      "severity": "MEDIUM"
    },
    {
      "quarter": "2024-06 (Q2)",
      "signal": "FCF MARGIN EXPANSION",
      "detail": "FCF margin: +7.2% -> +43.2% (+36.0%)",
      "severity": "MEDIUM"
    },
    {
      "quarter": "2024-06 (Q2)",
      "signal": "OPERATING LEVERAGE",
      "detail": "Rev growth +3.2% vs OpEx growth +1.2% (leverage: 2.7x)",
      "severity": "MEDIUM"
    },
    {
      "quarter": "2023-12 (Q4)",
      "signal": "FCF MARGIN EXPANSION",
      "detail": "FCF margin: +13.8% -> +47.8% (+34.0%)",
      "severity": "MEDIUM"
    },
    {
      "quarter": "2023-09 (Q3)",
      "signal": "YoY REVENUE GROWTH DECELERATION",
      "detail": "YoY growth: -1.4% vs prior quarter YoY: +4.2% (decel: -5.6%)",
      "severity": "WARNING"
    },
    {
      "quarter": "2023-06 (Q2)",
      "signal": "FCF MARGIN EXPANSION",
      "detail": "FCF margin: +20.6% -> +59.9% (+39.3%)",
      "severity": "MEDIUM"
    },
    {
      "quarter": "2023-03 (Q1)",
      "signal": "YoY REVENUE GROWTH DECELERATION",
      "detail": "YoY growth: +0.9% vs prior quarter YoY: +6.1% (decel: -5.3%)",
      "severity": "WARNING"
    },
    {
      "quarter": "2022-12 (Q4)",
      "signal": "FCF MARGIN EXPANSION",
      "detail": "FCF margin: +28.2% -> +53.5% (+25.3%)",
      "severity": "MEDIUM"
    },
    {
      "quarter": "2022-12 (Q4)",
      "signal": "YoY REVENUE GROWTH DECELERATION",
      "detail": "YoY growth: +6.1% vs prior quarter YoY: +11.8% (decel: -5.6%)",
      "severity": "WARNING"
    },
    {
      "quarter": "2022-09 (Q3)",
      "signal": "YoY REVENUE GROWTH DECELERATION",
      "detail": "YoY growth: +11.8% vs prior quarter YoY: +19.7% (decel: -7.9%)",
      "severity": "WARNING"
    },
    {
      "quarter": "2022-06 (Q2)",
      "signal": "FCF MARGIN EXPANSION",
      "detail": "FCF margin: +38.7% -> +57.2% (+18.6%)",
      "severity": "MEDIUM"
    },
    {
      "quarter": "2022-03 (Q1)",
      "signal": "OPERATING LEVERAGE",
      "detail": "Rev growth +5.0% vs OpEx growth +1.5% (leverage: 3.4x)",
      "severity": "MEDIUM"
    },
    {
      "quarter": "2021-12 (Q4)",
      "signal": "FCF MARGIN EXPANSION",
      "detail": "FCF margin: +1.3% -> +67.4% (+66.1%)",
      "severity": "MEDIUM"
    },
    {
      "quarter": "2021-06 (Q2)",
      "signal": "FCF MARGIN EXPANSION",
      "detail": "FCF margin: +59.0% -> +65.6% (+6.6%)",
      "severity": "MEDIUM"
    }
  ],
  "data_quality": {
    "n_quarters": 20,
    "coverage": {
      "revenue": [
        20,
        20
      ],
      "gross_profit": [
        0,
        20
      ],
      "op_income": [
        0,
        20
      ],
      "fcf": [
        20,
        20
      ]
    },
    "gaps": [],
    "warnings": [
      "gross_profit: no data",
      "op_income: no data"
    ]
  },
  "market_cap": null,
  "source": "SEC EDGAR",
  "last_updated": "2026-02-03T01:17:27.715246"
}