{
  "ticker": "VOYA-PB",
  "name": "VOYA FINANCIAL, INC.",
  "quarters": [
    {
      "date": "2020-12-31T00:00:00",
      "quarter_label": "2020-12 (Q4)",
      "revenue": 2224000000,
      "gross_profit": null,
      "operating_income": null,
      "net_income": 261000000,
      "opex": 741000000,
      "cogs": null,
      "rd": null,
      "sga": null,
      "fcf": 574000000,
      "ocf": 574000000,
      "capex": null,
      "gross_margin": null,
      "op_margin": null,
      "fcf_margin": 0.2580935251798561
    },
    {
      "date": "2021-03-31T00:00:00",
      "quarter_label": "2021-03 (Q1)",
      "revenue": -1957000000,
      "gross_profit": null,
      "operating_income": null,
      "net_income": 1100000000,
      "opex": 602000000,
      "cogs": null,
      "rd": null,
      "sga": null,
      "fcf": -936000000,
      "ocf": -936000000,
      "capex": null,
      "gross_margin": null,
      "op_margin": null,
      "fcf_margin": 0.4782830863566684,
      "fcf_margin_change": 0.22018956117681227
    },
    {
      "date": "2021-06-30T00:00:00",
      "quarter_label": "2021-06 (Q2)",
      "revenue": 2503000000,
      "gross_profit": null,
      "operating_income": null,
      "net_income": 463000000,
      "opex": 706000000,
      "cogs": null,
      "rd": null,
      "sga": null,
      "fcf": 611000000,
      "ocf": 611000000,
      "capex": null,
      "gross_margin": null,
      "op_margin": null,
      "fcf_margin": 0.24410707151418298,
      "fcf_margin_change": -0.2341760148424854
    },
    {
      "date": "2021-09-30T00:00:00",
      "quarter_label": "2021-09 (Q3)",
      "revenue": 2009000000,
      "gross_profit": null,
      "operating_income": null,
      "net_income": 156000000,
      "opex": 642000000,
      "cogs": null,
      "rd": null,
      "sga": null,
      "fcf": 177000000,
      "ocf": 177000000,
      "capex": null,
      "gross_margin": null,
      "op_margin": null,
      "fcf_margin": 0.08810353409656546,
      "fcf_margin_change": -0.15600353741761752
    },
    {
      "date": "2021-12-31T00:00:00",
      "quarter_label": "2021-12 (Q4)",
      "revenue": 1675000000,
      "gross_profit": null,
      "operating_income": null,
      "net_income": 407000000,
      "opex": 636000000,
      "cogs": null,
      "rd": null,
      "sga": null,
      "fcf": 170000000,
      "ocf": 170000000,
      "capex": null,
      "gross_margin": null,
      "op_margin": null,
      "fcf_margin": 0.10149253731343283,
      "rev_growth_yoy": -0.2468525179856115,
      "fcf_margin_change": 0.013389003216867368
    },
    {
      "date": "2022-03-31T00:00:00",
      "quarter_label": "2022-03 (Q1)",
      "revenue": 1514000000,
      "gross_profit": null,
      "operating_income": null,
      "net_income": 41000000,
      "opex": 632000000,
      "cogs": null,
      "rd": null,
      "sga": null,
      "fcf": 362000000,
      "ocf": 362000000,
      "capex": null,
      "gross_margin": null,
      "op_margin": null,
      "fcf_margin": 0.23910171730515192,
      "fcf_margin_change": 0.1376091799917191
    },
    {
      "date": "2022-06-30T00:00:00",
      "quarter_label": "2022-06 (Q2)",
      "revenue": 1519000000,
      "gross_profit": null,
      "operating_income": null,
      "net_income": 68000000,
      "opex": 605000000,
      "cogs": null,
      "rd": null,
      "sga": null,
      "fcf": 353000000,
      "ocf": 353000000,
      "capex": null,
      "gross_margin": null,
      "op_margin": null,
      "fcf_margin": 0.2323897300855826,
      "rev_growth_yoy": -0.3931282461046744,
      "fcf_margin_change": -0.00671198721956931
    },
    {
      "date": "2022-09-30T00:00:00",
      "quarter_label": "2022-09 (Q3)",
      "revenue": 1338000000,
      "gross_profit": null,
      "operating_income": null,
      "net_income": 207000000,
      "opex": 632000000,
      "cogs": null,
      "rd": null,
      "sga": null,
      "fcf": 418000000,
      "ocf": 418000000,
      "capex": null,
      "gross_margin": null,
      "op_margin": null,
      "fcf_margin": 0.312406576980568,
      "rev_growth_yoy": -0.33399701343952215,
      "rev_growth_yoy_accel": 0.059131232665152245,
      "fcf_margin_change": 0.0800168468949854
    },
    {
      "date": "2022-12-31T00:00:00",
      "quarter_label": "2022-12 (Q4)",
      "revenue": 1551000000,
      "gross_profit": null,
      "operating_income": null,
      "net_income": 194000000,
      "opex": 673000000,
      "cogs": null,
      "rd": null,
      "sga": null,
      "fcf": 219000000,
      "ocf": 219000000,
      "capex": null,
      "gross_margin": null,
      "op_margin": null,
      "fcf_margin": 0.14119922630560927,
      "rev_growth_yoy": -0.07402985074626865,
      "rev_growth_yoy_accel": 0.2599671626932535,
      "op_leverage_ratio": 2.453899157825659,
      "fcf_margin_change": -0.17120735067495874
    },
    {
      "date": "2023-03-31T00:00:00",
      "quarter_label": "2023-03 (Q1)",
      "revenue": 1835000000,
      "gross_profit": null,
      "operating_income": null,
      "net_income": 83000000,
      "opex": 836000000,
      "cogs": null,
      "rd": null,
      "sga": null,
      "fcf": 156000000,
      "ocf": 156000000,
      "capex": null,
      "gross_margin": null,
      "op_margin": null,
      "fcf_margin": 0.08501362397820164,
      "rev_growth_yoy": 0.2120211360634082,
      "rev_growth_yoy_accel": 0.28605098680967683,
      "op_leverage_ratio": 0.756021248907295,
      "fcf_margin_change": -0.05618560232740763
    },
    {
      "date": "2023-06-30T00:00:00",
      "quarter_label": "2023-06 (Q2)",
      "revenue": 1871000000,
      "gross_profit": null,
      "operating_income": null,
      "net_income": 158000000,
      "opex": 770000000,
      "cogs": null,
      "rd": null,
      "sga": null,
      "fcf": 715000000,
      "ocf": 715000000,
      "capex": null,
      "gross_margin": null,
      "op_margin": null,
      "fcf_margin": 0.38214858364510956,
      "rev_growth_yoy": 0.23173140223831468,
      "rev_growth_yoy_accel": 0.019710266174906482,
      "op_leverage_ratio": Infinity,
      "fcf_margin_change": 0.29713495966690795
    },
    {
      "date": "2023-09-30T00:00:00",
      "quarter_label": "2023-09 (Q3)",
      "revenue": 1823000000,
      "gross_profit": null,
      "operating_income": null,
      "net_income": 262000000,
      "opex": 717000000,
      "cogs": null,
      "rd": null,
      "sga": null,
      "fcf": 403000000,
      "ocf": 403000000,
      "capex": null,
      "gross_margin": null,
      "op_margin": null,
      "fcf_margin": 0.2210641799232035,
      "rev_growth_yoy": 0.3624813153961136,
      "rev_growth_yoy_accel": 0.13074991315779894,
      "fcf_margin_change": -0.16108440372190605
    },
    {
      "date": "2023-12-31T00:00:00",
      "quarter_label": "2023-12 (Q4)",
      "revenue": 1819000000,
      "gross_profit": null,
      "operating_income": null,
      "net_income": 122000000,
      "opex": 773000000,
      "cogs": null,
      "rd": null,
      "sga": null,
      "fcf": 364000000,
      "ocf": 364000000,
      "capex": null,
      "gross_margin": null,
      "op_margin": null,
      "fcf_margin": 0.200109950522265,
      "rev_growth_yoy": 0.17279174725983237,
      "rev_growth_yoy_accel": -0.18968956813628124,
      "fcf_margin_change": -0.020954229400938523
    },
    {
      "date": "2024-03-31T00:00:00",
      "quarter_label": "2024-03 (Q1)",
      "revenue": 2051000000,
      "gross_profit": null,
      "operating_income": null,
      "net_income": 251000000,
      "opex": 799000000,
      "cogs": null,
      "rd": null,
      "sga": null,
      "fcf": 231000000,
      "ocf": 231000000,
      "capex": null,
      "gross_margin": null,
      "op_margin": null,
      "fcf_margin": 0.11262798634812286,
      "rev_growth_yoy": 0.11771117166212534,
      "rev_growth_yoy_accel": -0.05508057559770703,
      "op_leverage_ratio": 3.7919397809447286,
      "fcf_margin_change": -0.08748196417414213
    },
    {
      "date": "2024-06-30T00:00:00",
      "quarter_label": "2024-06 (Q2)",
      "revenue": 2033000000,
      "gross_profit": null,
      "operating_income": null,
      "net_income": 205000000,
      "opex": 752000000,
      "cogs": null,
      "rd": null,
      "sga": null,
      "fcf": 316000000,
      "ocf": 316000000,
      "capex": null,
      "gross_margin": null,
      "op_margin": null,
      "fcf_margin": 0.15543531726512544,
      "rev_growth_yoy": 0.0865847140566542,
      "rev_growth_yoy_accel": -0.03112645760547114,
      "fcf_margin_change": 0.042807330917002576
    },
    {
      "date": "2024-09-30T00:00:00",
      "quarter_label": "2024-09 (Q3)",
      "revenue": 1956000000,
      "gross_profit": null,
      "operating_income": null,
      "net_income": 114000000,
      "opex": 775000000,
      "cogs": null,
      "rd": null,
      "sga": null,
      "fcf": 719000000,
      "ocf": 719000000,
      "capex": null,
      "gross_margin": null,
      "op_margin": null,
      "fcf_margin": 0.3675869120654397,
      "rev_growth_yoy": 0.07295666483817882,
      "rev_growth_yoy_accel": -0.01362804921847538,
      "fcf_margin_change": 0.21215159480031426
    },
    {
      "date": "2024-12-31T00:00:00",
      "quarter_label": "2024-12 (Q4)",
      "revenue": 2010000000,
      "gross_profit": null,
      "operating_income": null,
      "net_income": 97000000,
      "opex": 756000000,
      "cogs": null,
      "rd": null,
      "sga": null,
      "fcf": 79000000,
      "ocf": 79000000,
      "capex": null,
      "gross_margin": null,
      "op_margin": null,
      "fcf_margin": 0.039303482587064675,
      "rev_growth_yoy": 0.10500274876305662,
      "rev_growth_yoy_accel": 0.0320460839248778,
      "op_leverage_ratio": Infinity,
      "fcf_margin_change": -0.328283429478375
    },
    {
      "date": "2025-03-31T00:00:00",
      "quarter_label": "2025-03 (Q1)",
      "revenue": 1969000000,
      "gross_profit": null,
      "operating_income": null,
      "net_income": 156000000,
      "opex": 824000000,
      "cogs": null,
      "rd": null,
      "sga": null,
      "fcf": -179000000,
      "ocf": -179000000,
      "capex": null,
      "gross_margin": null,
      "op_margin": null,
      "fcf_margin": -0.09090909090909091,
      "rev_growth_yoy": -0.039980497318381276,
      "rev_growth_yoy_accel": -0.1449832460814379,
      "fcf_margin_change": -0.1302125734961556
    },
    {
      "date": "2025-06-30T00:00:00",
      "quarter_label": "2025-06 (Q2)",
      "revenue": 1981000000,
      "gross_profit": null,
      "operating_income": null,
      "net_income": 166000000,
      "opex": 857000000,
      "cogs": null,
      "rd": null,
      "sga": null,
      "fcf": 742000000,
      "ocf": 742000000,
      "capex": null,
      "gross_margin": null,
      "op_margin": null,
      "fcf_margin": 0.3745583038869258,
      "rev_growth_yoy": -0.02557796360059026,
      "rev_growth_yoy_accel": 0.014402533717791016,
      "fcf_margin_change": 0.46546739479601673
    },
    {
      "date": "2025-09-30T00:00:00",
      "quarter_label": "2025-09 (Q3)",
      "revenue": 2128000000,
      "gross_profit": null,
      "operating_income": null,
      "net_income": 192000000,
      "opex": 829000000,
      "cogs": null,
      "rd": null,
      "sga": null,
      "fcf": 168000000,
      "ocf": 168000000,
      "capex": null,
      "gross_margin": null,
      "op_margin": null,
      "fcf_margin": 0.07894736842105263,
      "rev_growth_yoy": 0.08793456032719836,
      "rev_growth_yoy_accel": 0.11351252392778863,
      "op_leverage_ratio": Infinity,
      "fcf_margin_change": -0.29561093546587314
    }
  ],
  "signals": [
    {
      "quarter": "2025-09 (Q3)",
      "signal": "YoY REVENUE GROWTH ACCELERATION",
      "detail": "YoY growth: +8.8% vs prior quarter YoY: -2.6% (accel: +11.4%)",
      "severity": "MEDIUM"
    },
    {
      "quarter": "2025-06 (Q2)",
      "signal": "FCF TURNED POSITIVE",
      "detail": "FCF margin: -9.1% -> +37.5%",
      "severity": "HIGH"
    },
    {
      "quarter": "2025-03 (Q1)",
      "signal": "YoY REVENUE GROWTH DECELERATION",
      "detail": "YoY growth: -4.0% vs prior quarter YoY: +10.5% (decel: -14.5%)",
      "severity": "WARNING"
    },
    {
      "quarter": "2024-09 (Q3)",
      "signal": "FCF MARGIN EXPANSION",
      "detail": "FCF margin: +15.5% -> +36.8% (+21.2%)",
      "severity": "MEDIUM"
    },
    {
      "quarter": "2024-03 (Q1)",
      "signal": "OPERATING LEVERAGE",
      "detail": "Rev growth +12.8% vs OpEx growth +3.4% (leverage: 3.8x)",
      "severity": "MEDIUM"
    },
    {
      "quarter": "2024-03 (Q1)",
      "signal": "YoY REVENUE GROWTH DECELERATION",
      "detail": "YoY growth: +11.8% vs prior quarter YoY: +17.3% (decel: -5.5%)",
      "severity": "WARNING"
    },
    {
      "quarter": "2023-12 (Q4)",
      "signal": "YoY REVENUE GROWTH DECELERATION",
      "detail": "YoY growth: +17.3% vs prior quarter YoY: +36.2% (decel: -19.0%)",
      "severity": "WARNING"
    },
    {
      "quarter": "2023-09 (Q3)",
      "signal": "YoY REVENUE GROWTH ACCELERATION",
      "detail": "YoY growth: +36.2% vs prior quarter YoY: +23.2% (accel: +13.1%)",
      "severity": "MEDIUM"
    },
    {
      "quarter": "2023-06 (Q2)",
      "signal": "FCF MARGIN EXPANSION",
      "detail": "FCF margin: +8.5% -> +38.2% (+29.7%)",
      "severity": "MEDIUM"
    },
    {
      "quarter": "2023-03 (Q1)",
      "signal": "YoY REVENUE GROWTH ACCELERATION",
      "detail": "YoY growth: +21.2% vs prior quarter YoY: -7.4% (accel: +28.6%)",
      "severity": "HIGH"
    },
    {
      "quarter": "2022-12 (Q4)",
      "signal": "OPERATING LEVERAGE",
      "detail": "Rev growth +15.9% vs OpEx growth +6.5% (leverage: 2.5x)",
      "severity": "MEDIUM"
    },
    {
      "quarter": "2022-12 (Q4)",
      "signal": "YoY REVENUE GROWTH ACCELERATION",
      "detail": "YoY growth: -7.4% vs prior quarter YoY: -33.4% (accel: +26.0%)",
      "severity": "HIGH"
    },
    {
      "quarter": "2022-09 (Q3)",
      "signal": "FCF MARGIN EXPANSION",
      "detail": "FCF margin: +23.2% -> +31.2% (+8.0%)",
      "severity": "MEDIUM"
    },
    {
      "quarter": "2022-09 (Q3)",
      "signal": "YoY REVENUE GROWTH ACCELERATION",
      "detail": "YoY growth: -33.4% vs prior quarter YoY: -39.3% (accel: +5.9%)",
      "severity": "MEDIUM"
    },
    {
      "quarter": "2022-03 (Q1)",
      "signal": "FCF MARGIN EXPANSION",
      "detail": "FCF margin: +10.1% -> +23.9% (+13.8%)",
      "severity": "MEDIUM"
    },
    {
      "quarter": "2021-03 (Q1)",
      "signal": "FCF MARGIN EXPANSION",
      "detail": "FCF margin: +25.8% -> +47.8% (+22.0%)",
      "severity": "MEDIUM"
    }
  ],
  "data_quality": {
    "n_quarters": 20,
    "coverage": {
      "revenue": [
        20,
        20
      ],
      "gross_profit": [
        0,
        20
      ],
      "op_income": [
        0,
        20
      ],
      "fcf": [
        20,
        20
      ]
    },
    "gaps": [],
    "warnings": [
      "gross_profit: no data",
      "op_income: no data"
    ]
  },
  "market_cap": null,
  "source": "SEC EDGAR",
  "last_updated": "2026-02-03T00:55:03.728624"
}