{
  "ticker": "VRDN",
  "name": "Viridian Therapeutics, Inc./DE",
  "quarters": [
    {
      "date": "2020-12-31T00:00:00",
      "quarter_label": "2020-12 (Q4)",
      "revenue": 54000,
      "gross_profit": null,
      "operating_income": -90598000,
      "net_income": -90742000,
      "opex": 90652000,
      "cogs": null,
      "rd": null,
      "sga": null,
      "fcf": -9425000,
      "ocf": -9436000,
      "capex": 11000,
      "gross_margin": null,
      "op_margin": -1677.7407407407406,
      "fcf_margin": -174.53703703703704
    },
    {
      "date": "2021-03-31T00:00:00",
      "quarter_label": "2021-03 (Q1)",
      "revenue": 1451000,
      "gross_profit": null,
      "operating_income": -18515000,
      "net_income": -18460000,
      "opex": 19966000,
      "cogs": null,
      "rd": null,
      "sga": null,
      "fcf": -11554000,
      "ocf": -11539000,
      "capex": -15000,
      "gross_margin": null,
      "op_margin": -12.760165403170227,
      "fcf_margin": -7.962784286698828,
      "op_leverage_ratio": Infinity,
      "fcf_margin_change": 166.57425275033822
    },
    {
      "date": "2021-06-30T00:00:00",
      "quarter_label": "2021-06 (Q2)",
      "revenue": 1090000,
      "gross_profit": null,
      "operating_income": -17998000,
      "net_income": -17964000,
      "opex": 19088000,
      "cogs": null,
      "rd": null,
      "sga": null,
      "fcf": -14685000,
      "ocf": -14631000,
      "capex": -54000,
      "gross_margin": null,
      "op_margin": -16.511926605504588,
      "fcf_margin": -13.472477064220184,
      "fcf_margin_change": -5.509692777521356
    },
    {
      "date": "2021-09-30T00:00:00",
      "quarter_label": "2021-09 (Q3)",
      "revenue": 208000,
      "gross_profit": null,
      "operating_income": -14134000,
      "net_income": -14043000,
      "opex": 14342000,
      "cogs": null,
      "rd": null,
      "sga": null,
      "fcf": -12061000,
      "ocf": -11876000,
      "capex": -185000,
      "gross_margin": null,
      "op_margin": -67.95192307692308,
      "fcf_margin": -57.98557692307692,
      "fcf_margin_change": -44.513099858856734
    },
    {
      "date": "2021-12-31T00:00:00",
      "quarter_label": "2021-12 (Q4)",
      "revenue": 214000,
      "gross_profit": null,
      "operating_income": -29081000,
      "net_income": -28946000,
      "opex": 29295000,
      "cogs": null,
      "rd": null,
      "sga": null,
      "fcf": -16619000,
      "ocf": -16535000,
      "capex": -84000,
      "gross_margin": null,
      "op_margin": -135.89252336448598,
      "fcf_margin": -77.6588785046729,
      "rev_growth_yoy": 2.962962962962963,
      "op_leverage_ratio": 0.027667460607338896,
      "fcf_margin_change": -19.67330158159598
    },
    {
      "date": "2022-03-31T00:00:00",
      "quarter_label": "2022-03 (Q1)",
      "revenue": 216000,
      "gross_profit": null,
      "operating_income": -25889000,
      "net_income": -25693000,
      "opex": 26105000,
      "cogs": null,
      "rd": null,
      "sga": null,
      "fcf": -21221000,
      "ocf": -21042000,
      "capex": -179000,
      "gross_margin": null,
      "op_margin": -119.85648148148148,
      "fcf_margin": -98.24537037037037,
      "incr_op_margin_yoy": 5.970850202429149,
      "rev_growth_yoy": -0.8511371467953136,
      "rev_growth_yoy_accel": -3.8141001097582765,
      "fcf_margin_change": -20.586491865697468
    },
    {
      "date": "2022-06-30T00:00:00",
      "quarter_label": "2022-06 (Q2)",
      "revenue": 256000,
      "gross_profit": null,
      "operating_income": -29564000,
      "net_income": -29491000,
      "opex": 29820000,
      "cogs": null,
      "rd": null,
      "sga": null,
      "fcf": -18378000,
      "ocf": -18086000,
      "capex": -292000,
      "gross_margin": null,
      "op_margin": -115.484375,
      "fcf_margin": -71.7890625,
      "rev_growth_yoy": -0.7651376146788991,
      "rev_growth_yoy_accel": 0.08599953211641453,
      "op_leverage_ratio": 1.3012810926673644,
      "fcf_margin_change": 26.456307870370367
    },
    {
      "date": "2022-09-30T00:00:00",
      "quarter_label": "2022-09 (Q3)",
      "revenue": 1195000,
      "gross_profit": null,
      "operating_income": -29785000,
      "net_income": -28905000,
      "opex": 30980000,
      "cogs": null,
      "rd": null,
      "sga": null,
      "fcf": -20763000,
      "ocf": -20668000,
      "capex": -95000,
      "gross_margin": null,
      "op_margin": -24.92468619246862,
      "fcf_margin": -17.37489539748954,
      "rev_growth_yoy": 4.7451923076923075,
      "rev_growth_yoy_accel": 5.510329922371207,
      "op_leverage_ratio": 94.29209321120689,
      "fcf_margin_change": 54.41416710251046
    },
    {
      "date": "2022-12-31T00:00:00",
      "quarter_label": "2022-12 (Q4)",
      "revenue": 105000,
      "gross_profit": null,
      "operating_income": -49066000,
      "net_income": -45785000,
      "opex": 49171000,
      "cogs": null,
      "rd": null,
      "sga": null,
      "fcf": -34273000,
      "ocf": -34042000,
      "capex": -231000,
      "gross_margin": null,
      "op_margin": -467.2952380952381,
      "fcf_margin": -326.4095238095238,
      "rev_growth_yoy": -0.5093457943925234,
      "rev_growth_yoy_accel": -5.2545381020848305,
      "fcf_margin_change": -309.0346284120343
    },
    {
      "date": "2023-03-31T00:00:00",
      "quarter_label": "2023-03 (Q1)",
      "revenue": 98000,
      "gross_profit": null,
      "operating_income": -72473000,
      "net_income": -68151000,
      "opex": 72571000,
      "cogs": null,
      "rd": null,
      "sga": null,
      "fcf": -62088000,
      "ocf": -61973000,
      "capex": -115000,
      "gross_margin": null,
      "op_margin": -739.5204081632653,
      "fcf_margin": -633.5510204081633,
      "rev_growth_yoy": -0.5462962962962963,
      "rev_growth_yoy_accel": -0.036950501903772914,
      "fcf_margin_change": -307.14149659863943
    },
    {
      "date": "2023-06-30T00:00:00",
      "quarter_label": "2023-06 (Q2)",
      "revenue": 72000,
      "gross_profit": null,
      "operating_income": -59275000,
      "net_income": -55063000,
      "opex": 59347000,
      "cogs": null,
      "rd": null,
      "sga": null,
      "fcf": -45545000,
      "ocf": -45214000,
      "capex": -331000,
      "gross_margin": null,
      "op_margin": -823.2638888888889,
      "fcf_margin": -632.5694444444445,
      "rev_growth_yoy": -0.71875,
      "rev_growth_yoy_accel": -0.17245370370370372,
      "fcf_margin_change": 0.9815759637187966
    },
    {
      "date": "2023-09-30T00:00:00",
      "quarter_label": "2023-09 (Q3)",
      "revenue": 72000,
      "gross_profit": null,
      "operating_income": -51224000,
      "net_income": -47660000,
      "opex": 51296000,
      "cogs": null,
      "rd": null,
      "sga": null,
      "fcf": -39387000,
      "ocf": -38983000,
      "capex": -404000,
      "gross_margin": null,
      "op_margin": -711.4444444444445,
      "fcf_margin": -547.0416666666666,
      "incr_op_margin_yoy": 19.090828138913626,
      "rev_growth_yoy": -0.9397489539748954,
      "rev_growth_yoy_accel": -0.22099895397489544,
      "fcf_margin_change": 85.52777777777783
    },
    {
      "date": "2023-12-31T00:00:00",
      "quarter_label": "2023-12 (Q4)",
      "revenue": 72000,
      "gross_profit": null,
      "operating_income": -71478000,
      "net_income": -66860000,
      "opex": 71550000,
      "cogs": null,
      "rd": null,
      "sga": null,
      "fcf": -38048000,
      "ocf": -38000000,
      "capex": -48000,
      "gross_margin": null,
      "op_margin": -992.75,
      "fcf_margin": -528.4444444444445,
      "rev_growth_yoy": -0.3142857142857143,
      "rev_growth_yoy_accel": 0.6254632396891812,
      "fcf_margin_change": 18.59722222222217
    },
    {
      "date": "2024-03-31T00:00:00",
      "quarter_label": "2024-03 (Q1)",
      "revenue": 72000,
      "gross_profit": null,
      "operating_income": -55897000,
      "net_income": -48542000,
      "opex": 55969000,
      "cogs": null,
      "rd": null,
      "sga": null,
      "fcf": -45223000,
      "ocf": -45223000,
      "capex": null,
      "gross_margin": null,
      "op_margin": -776.3472222222222,
      "fcf_margin": -628.0972222222222,
      "rev_growth_yoy": -0.2653061224489796,
      "rev_growth_yoy_accel": 0.04897959183673467,
      "fcf_margin_change": -99.65277777777771
    },
    {
      "date": "2024-06-30T00:00:00",
      "quarter_label": "2024-06 (Q2)",
      "revenue": 72000,
      "gross_profit": null,
      "operating_income": -72187000,
      "net_income": -64993000,
      "opex": 72259000,
      "cogs": null,
      "rd": null,
      "sga": null,
      "fcf": -46162000,
      "ocf": -46058000,
      "capex": -104000,
      "gross_margin": null,
      "op_margin": -1002.5972222222222,
      "fcf_margin": -641.1388888888889,
      "rev_growth_yoy": 0.0,
      "rev_growth_yoy_accel": 0.2653061224489796,
      "fcf_margin_change": -13.041666666666742
    },
    {
      "date": "2024-09-30T00:00:00",
      "quarter_label": "2024-09 (Q3)",
      "revenue": 86000,
      "gross_profit": null,
      "operating_income": -83480000,
      "net_income": -76689000,
      "opex": 83566000,
      "cogs": null,
      "rd": null,
      "sga": null,
      "fcf": -67999000,
      "ocf": -67706000,
      "capex": -293000,
      "gross_margin": null,
      "op_margin": -970.6976744186046,
      "fcf_margin": -790.6860465116279,
      "rev_growth_yoy": 0.19444444444444445,
      "rev_growth_yoy_accel": 0.19444444444444445,
      "op_leverage_ratio": 1.242625020881853,
      "fcf_margin_change": -149.54715762273895
    },
    {
      "date": "2024-12-31T00:00:00",
      "quarter_label": "2024-12 (Q4)",
      "revenue": 72000,
      "gross_profit": null,
      "operating_income": -87472000,
      "net_income": -79725000,
      "opex": 87544000,
      "cogs": null,
      "rd": null,
      "sga": null,
      "fcf": -73446000,
      "ocf": -73332000,
      "capex": -114000,
      "gross_margin": null,
      "op_margin": -1214.888888888889,
      "fcf_margin": -1020.0833333333334,
      "rev_growth_yoy": 0.0,
      "rev_growth_yoy_accel": -0.19444444444444445,
      "fcf_margin_change": -229.3972868217055
    },
    {
      "date": "2025-03-31T00:00:00",
      "quarter_label": "2025-03 (Q1)",
      "revenue": 72000,
      "gross_profit": null,
      "operating_income": -93866000,
      "net_income": -86912000,
      "opex": 93938000,
      "cogs": null,
      "rd": null,
      "sga": null,
      "fcf": -92739000,
      "ocf": -92653000,
      "capex": -86000,
      "gross_margin": null,
      "op_margin": -1303.6944444444443,
      "fcf_margin": -1288.0416666666667,
      "rev_growth_yoy": 0.0,
      "rev_growth_yoy_accel": 0.0,
      "fcf_margin_change": -267.95833333333337
    },
    {
      "date": "2025-06-30T00:00:00",
      "quarter_label": "2025-06 (Q2)",
      "revenue": 75000,
      "gross_profit": null,
      "operating_income": -106767000,
      "net_income": -100735000,
      "opex": 106842000,
      "cogs": null,
      "rd": null,
      "sga": null,
      "fcf": -75415000,
      "ocf": -75373000,
      "capex": -42000,
      "gross_margin": null,
      "op_margin": -1423.56,
      "fcf_margin": -1005.5333333333333,
      "rev_growth_yoy": 0.041666666666666664,
      "rev_growth_yoy_accel": 0.041666666666666664,
      "op_leverage_ratio": 0.30332325893779705,
      "fcf_margin_change": 282.50833333333344
    },
    {
      "date": "2025-09-30T00:00:00",
      "quarter_label": "2025-09 (Q3)",
      "revenue": 70570000,
      "gross_profit": null,
      "operating_income": -40013000,
      "net_income": -34599000,
      "opex": 110583000,
      "cogs": null,
      "rd": null,
      "sga": null,
      "fcf": -84738000,
      "ocf": -84611000,
      "capex": -127000,
      "gross_margin": null,
      "op_margin": -0.5669973076378064,
      "fcf_margin": -1.2007651976760663,
      "incr_op_margin_yoy": 0.6166931502184892,
      "rev_growth_yoy": 819.5813953488372,
      "rev_growth_yoy_accel": 819.5397286821706,
      "op_leverage_ratio": 26844.254798182305,
      "fcf_margin_change": 1004.3325681356572
    }
  ],
  "signals": [
    {
      "quarter": "2025-09 (Q3)",
      "signal": "FCF MARGIN EXPANSION",
      "detail": "FCF margin: -100553.3% -> -120.1% (+100433.3%)",
      "severity": "MEDIUM"
    },
    {
      "quarter": "2025-09 (Q3)",
      "signal": "OPERATING LEVERAGE",
      "detail": "Rev growth +93993.3% vs OpEx growth +3.5% (leverage: 26844.3x)",
      "severity": "MEDIUM"
    },
    {
      "quarter": "2025-09 (Q3)",
      "signal": "YoY REVENUE GROWTH ACCELERATION",
      "detail": "YoY growth: +81958.1% vs prior quarter YoY: +4.2% (accel: +81954.0%)",
      "severity": "HIGH"
    },
    {
      "quarter": "2025-06 (Q2)",
      "signal": "FCF MARGIN EXPANSION",
      "detail": "FCF margin: -128804.2% -> -100553.3% (+28250.8%)",
      "severity": "MEDIUM"
    },
    {
      "quarter": "2024-12 (Q4)",
      "signal": "YoY REVENUE GROWTH DECELERATION",
      "detail": "YoY growth: +0.0% vs prior quarter YoY: +19.4% (decel: -19.4%)",
      "severity": "WARNING"
    },
    {
      "quarter": "2024-09 (Q3)",
      "signal": "YoY REVENUE GROWTH ACCELERATION",
      "detail": "YoY growth: +19.4% vs prior quarter YoY: +0.0% (accel: +19.4%)",
      "severity": "HIGH"
    },
    {
      "quarter": "2024-06 (Q2)",
      "signal": "YoY REVENUE GROWTH ACCELERATION",
      "detail": "YoY growth: +0.0% vs prior quarter YoY: -26.5% (accel: +26.5%)",
      "severity": "HIGH"
    },
    {
      "quarter": "2023-12 (Q4)",
      "signal": "FCF MARGIN EXPANSION",
      "detail": "FCF margin: -54704.2% -> -52844.4% (+1859.7%)",
      "severity": "MEDIUM"
    },
    {
      "quarter": "2023-12 (Q4)",
      "signal": "YoY REVENUE GROWTH ACCELERATION",
      "detail": "YoY growth: -31.4% vs prior quarter YoY: -94.0% (accel: +62.5%)",
      "severity": "HIGH"
    },
    {
      "quarter": "2023-09 (Q3)",
      "signal": "FCF MARGIN EXPANSION",
      "detail": "FCF margin: -63256.9% -> -54704.2% (+8552.8%)",
      "severity": "MEDIUM"
    },
    {
      "quarter": "2023-09 (Q3)",
      "signal": "YoY REVENUE GROWTH DECELERATION",
      "detail": "YoY growth: -94.0% vs prior quarter YoY: -71.9% (decel: -22.1%)",
      "severity": "WARNING"
    },
    {
      "quarter": "2023-06 (Q2)",
      "signal": "FCF MARGIN EXPANSION",
      "detail": "FCF margin: -63355.1% -> -63256.9% (+98.2%)",
      "severity": "MEDIUM"
    },
    {
      "quarter": "2023-06 (Q2)",
      "signal": "YoY REVENUE GROWTH DECELERATION",
      "detail": "YoY growth: -71.9% vs prior quarter YoY: -54.6% (decel: -17.2%)",
      "severity": "WARNING"
    },
    {
      "quarter": "2022-12 (Q4)",
      "signal": "YoY REVENUE GROWTH DECELERATION",
      "detail": "YoY growth: -50.9% vs prior quarter YoY: +474.5% (decel: -525.5%)",
      "severity": "WARNING"
    },
    {
      "quarter": "2022-09 (Q3)",
      "signal": "FCF MARGIN EXPANSION",
      "detail": "FCF margin: -7178.9% -> -1737.5% (+5441.4%)",
      "severity": "MEDIUM"
    },
    {
      "quarter": "2022-09 (Q3)",
      "signal": "OPERATING LEVERAGE",
      "detail": "Rev growth +366.8% vs OpEx growth +3.9% (leverage: 94.3x)",
      "severity": "MEDIUM"
    },
    {
      "quarter": "2022-09 (Q3)",
      "signal": "YoY REVENUE GROWTH ACCELERATION",
      "detail": "YoY growth: +474.5% vs prior quarter YoY: -76.5% (accel: +551.0%)",
      "severity": "HIGH"
    },
    {
      "quarter": "2022-06 (Q2)",
      "signal": "FCF MARGIN EXPANSION",
      "detail": "FCF margin: -9824.5% -> -7178.9% (+2645.6%)",
      "severity": "MEDIUM"
    },
    {
      "quarter": "2022-06 (Q2)",
      "signal": "YoY REVENUE GROWTH ACCELERATION",
      "detail": "YoY growth: -76.5% vs prior quarter YoY: -85.1% (accel: +8.6%)",
      "severity": "MEDIUM"
    },
    {
      "quarter": "2022-03 (Q1)",
      "signal": "YoY REVENUE GROWTH DECELERATION",
      "detail": "YoY growth: -85.1% vs prior quarter YoY: +296.3% (decel: -381.4%)",
      "severity": "WARNING"
    },
    {
      "quarter": "2021-03 (Q1)",
      "signal": "FCF MARGIN EXPANSION",
      "detail": "FCF margin: -17453.7% -> -796.3% (+16657.4%)",
      "severity": "MEDIUM"
    }
  ],
  "data_quality": {
    "n_quarters": 20,
    "coverage": {
      "revenue": [
        20,
        20
      ],
      "gross_profit": [
        0,
        20
      ],
      "op_income": [
        20,
        20
      ],
      "fcf": [
        20,
        20
      ]
    },
    "gaps": [],
    "warnings": [
      "gross_profit: no data"
    ]
  },
  "market_cap": null,
  "source": "SEC EDGAR",
  "last_updated": "2026-02-02T21:20:16.445966"
}