{
  "ticker": "VRE",
  "name": "VERIS RESIDENTIAL, INC.",
  "sector": "Real Estate",
  "industry": "REIT - Residential",
  "quarters": [
    {
      "date": "2021-03-31T00:00:00",
      "quarter_label": "2021-03 (Q1)",
      "revenue": 76093000,
      "gross_profit": 72001000,
      "operating_income": null,
      "net_income": 7623000,
      "opex": 77266000,
      "cogs": 4092000,
      "rd": null,
      "sga": null,
      "fcf": 26154000,
      "ocf": 26154000,
      "capex": null,
      "gross_margin": 0.9462236999461185,
      "op_margin": null,
      "fcf_margin": 0.34371098524174365
    },
    {
      "date": "2021-06-30T00:00:00",
      "quarter_label": "2021-06 (Q2)",
      "revenue": 81247000,
      "gross_profit": 78096000,
      "operating_income": null,
      "net_income": -72079000,
      "opex": 100941000,
      "cogs": 3151000,
      "rd": null,
      "sga": null,
      "fcf": 1793000,
      "ocf": 1793000,
      "capex": null,
      "gross_margin": 0.9612170295518604,
      "op_margin": null,
      "fcf_margin": 0.022068507144879197,
      "op_leverage_ratio": 0.22105388377982588,
      "fcf_margin_change": -0.32164247809686447
    },
    {
      "date": "2021-09-30T00:00:00",
      "quarter_label": "2021-09 (Q3)",
      "revenue": 83744000,
      "gross_profit": 80171000,
      "operating_income": null,
      "net_income": -28314000,
      "opex": 83784000,
      "cogs": 3573000,
      "rd": null,
      "sga": null,
      "fcf": 13228000,
      "ocf": 13228000,
      "capex": null,
      "gross_margin": 0.9573342567825754,
      "op_margin": null,
      "fcf_margin": 0.15795758502101642,
      "op_leverage_ratio": null,
      "fcf_margin_change": 0.13588907787613722
    },
    {
      "date": "2021-12-31T00:00:00",
      "quarter_label": "2021-12 (Q4)",
      "revenue": 88233000,
      "gross_profit": 84247000,
      "operating_income": null,
      "net_income": -26272000,
      "opex": 103602000,
      "cogs": 3986000,
      "rd": null,
      "sga": null,
      "fcf": 14940000,
      "ocf": 14940000,
      "capex": null,
      "gross_margin": 0.9548241587614611,
      "op_margin": null,
      "fcf_margin": 0.16932440243446328,
      "op_leverage_ratio": 0.2266194446266528,
      "fcf_margin_change": 0.011366817413446861
    },
    {
      "date": "2022-03-31T00:00:00",
      "quarter_label": "2022-03 (Q1)",
      "revenue": 99099000,
      "gross_profit": 95166000,
      "operating_income": null,
      "net_income": -9092000,
      "opex": 86442000,
      "cogs": 3933000,
      "rd": null,
      "sga": null,
      "fcf": 31501000,
      "ocf": 31501000,
      "capex": null,
      "gross_margin": 0.9603124148578694,
      "op_margin": null,
      "fcf_margin": 0.3178740451467724,
      "rev_growth_yoy": 0.30234055695004797,
      "op_leverage_ratio": null,
      "fcf_margin_change": 0.14854964271230914
    },
    {
      "date": "2022-06-30T00:00:00",
      "quarter_label": "2022-06 (Q2)",
      "revenue": 79826000,
      "gross_profit": 76349000,
      "operating_income": null,
      "net_income": 26373000,
      "opex": 81695000,
      "cogs": 3477000,
      "rd": null,
      "sga": null,
      "fcf": 14209000,
      "ocf": 14209000,
      "capex": null,
      "gross_margin": 0.9564427630095458,
      "op_margin": null,
      "fcf_margin": 0.17799964923709066,
      "rev_growth_yoy": -0.017489876549287974,
      "rev_growth_yoy_accel": -0.31983043349933593,
      "fcf_margin_change": -0.13987439590968176
    },
    {
      "date": "2022-09-30T00:00:00",
      "quarter_label": "2022-09 (Q3)",
      "revenue": 91356000,
      "gross_profit": 87401000,
      "operating_income": null,
      "net_income": -101218000,
      "opex": 171043000,
      "cogs": 3955000,
      "rd": null,
      "sga": null,
      "fcf": 14024000,
      "ocf": 14024000,
      "capex": null,
      "gross_margin": 0.9567078243355663,
      "op_margin": null,
      "fcf_margin": 0.15350934804501074,
      "rev_growth_yoy": 0.09089606419564386,
      "rev_growth_yoy_accel": 0.10838594074493184,
      "op_leverage_ratio": 0.13206738573889368,
      "fcf_margin_change": -0.024490301192079927
    },
    {
      "date": "2022-12-31T00:00:00",
      "quarter_label": "2022-12 (Q4)",
      "revenue": 86203000,
      "gross_profit": 83224000,
      "operating_income": null,
      "net_income": 31871000,
      "opex": 98207000,
      "cogs": 2979000,
      "rd": null,
      "sga": null,
      "fcf": 6720000,
      "ocf": 6720000,
      "capex": null,
      "gross_margin": 0.9654420379801167,
      "op_margin": null,
      "fcf_margin": 0.07795552358966626,
      "rev_growth_yoy": -0.023007264855552913,
      "rev_growth_yoy_accel": -0.11390332905119677,
      "fcf_margin_change": -0.07555382445534448
    },
    {
      "date": "2023-03-31T00:00:00",
      "quarter_label": "2023-03 (Q1)",
      "revenue": 66925000,
      "gross_profit": 64236000,
      "operating_income": null,
      "net_income": -19973000,
      "opex": 66329000,
      "cogs": 2689000,
      "rd": null,
      "sga": null,
      "fcf": 12097000,
      "ocf": 12097000,
      "capex": null,
      "gross_margin": 0.9598206948076204,
      "op_margin": null,
      "fcf_margin": 0.18075457601793052,
      "rev_growth_yoy": -0.32466523375614287,
      "rev_growth_yoy_accel": -0.30165796890058993,
      "fcf_margin_change": 0.10279905242826426
    },
    {
      "date": "2023-06-30T00:00:00",
      "quarter_label": "2023-06 (Q2)",
      "revenue": 68729000,
      "gross_profit": 66350000,
      "operating_income": null,
      "net_income": -27434000,
      "opex": 65257000,
      "cogs": 2379000,
      "rd": null,
      "sga": null,
      "fcf": 12267000,
      "ocf": 12267000,
      "capex": null,
      "gross_margin": 0.9653857905687555,
      "op_margin": null,
      "fcf_margin": 0.1784836095389137,
      "rev_growth_yoy": -0.13901485731465937,
      "rev_growth_yoy_accel": 0.1856503764414835,
      "op_leverage_ratio": null,
      "fcf_margin_change": -0.0022709664790168116
    },
    {
      "date": "2023-09-30T00:00:00",
      "quarter_label": "2023-09 (Q3)",
      "revenue": 71482000,
      "gross_profit": 68736000,
      "operating_income": null,
      "net_income": -54807000,
      "opex": 73073000,
      "cogs": 2746000,
      "rd": null,
      "sga": null,
      "fcf": 8908000,
      "ocf": 8908000,
      "capex": null,
      "gross_margin": 0.9615847346185054,
      "op_margin": null,
      "fcf_margin": 0.12461878514870876,
      "rev_growth_yoy": -0.2175445509873462,
      "rev_growth_yoy_accel": -0.07852969367268683,
      "op_leverage_ratio": 0.3344327039104663,
      "fcf_margin_change": -0.05386482439020494
    },
    {
      "date": "2023-12-31T00:00:00",
      "quarter_label": "2023-12 (Q4)",
      "revenue": 72916000,
      "gross_profit": 70623000,
      "operating_income": null,
      "net_income": -5051000,
      "opex": 106113000,
      "cogs": 2293000,
      "rd": null,
      "sga": null,
      "fcf": 12268000,
      "ocf": 12268000,
      "capex": null,
      "gross_margin": 0.9685528553403917,
      "op_margin": null,
      "fcf_margin": 0.16824839541390094,
      "rev_growth_yoy": -0.15413616695474636,
      "rev_growth_yoy_accel": 0.06340838403259985,
      "op_leverage_ratio": 0.04436794921466539,
      "fcf_margin_change": 0.04362961026519217
    },
    {
      "date": "2024-03-31T00:00:00",
      "quarter_label": "2024-03 (Q1)",
      "revenue": 67340000,
      "gross_profit": 65069000,
      "operating_income": null,
      "net_income": -3903000,
      "opex": 60981000,
      "cogs": 2271000,
      "rd": null,
      "sga": null,
      "fcf": 15710000,
      "ocf": 15710000,
      "capex": null,
      "gross_margin": 0.9662756162756163,
      "op_margin": null,
      "fcf_margin": 0.2332937332937333,
      "rev_growth_yoy": 0.006200971236458723,
      "rev_growth_yoy_accel": 0.16033713819120507,
      "fcf_margin_change": 0.06504533787983235
    },
    {
      "date": "2024-06-30T00:00:00",
      "quarter_label": "2024-06 (Q2)",
      "revenue": 67476000,
      "gross_profit": 65680000,
      "operating_income": null,
      "net_income": 2922000,
      "opex": 58473000,
      "cogs": 1796000,
      "rd": null,
      "sga": null,
      "fcf": 10833000,
      "ocf": 10833000,
      "capex": null,
      "gross_margin": 0.9733831288161717,
      "op_margin": null,
      "fcf_margin": 0.1605459719011204,
      "rev_growth_yoy": -0.018231023294388103,
      "rev_growth_yoy_accel": -0.024431994530846827,
      "fcf_margin_change": -0.07274776139261288
    },
    {
      "date": "2024-09-30T00:00:00",
      "quarter_label": "2024-09 (Q3)",
      "revenue": 68175000,
      "gross_profit": 66046000,
      "operating_income": null,
      "net_income": -9692000,
      "opex": 57353000,
      "cogs": 2129000,
      "rd": null,
      "sga": null,
      "fcf": 13926000,
      "ocf": 13926000,
      "capex": null,
      "gross_margin": 0.9687715438210488,
      "op_margin": null,
      "fcf_margin": 0.20426842684268426,
      "rev_growth_yoy": -0.04626339498055455,
      "rev_growth_yoy_accel": -0.028032371686166443,
      "op_leverage_ratio": null,
      "fcf_margin_change": 0.04372245494156385
    },
    {
      "date": "2024-12-31T00:00:00",
      "quarter_label": "2024-12 (Q4)",
      "revenue": 68083000,
      "gross_profit": 66128000,
      "operating_income": null,
      "net_income": -12447000,
      "opex": 60271000,
      "cogs": 1955000,
      "rd": null,
      "sga": null,
      "fcf": 11859000,
      "ocf": 11859000,
      "capex": null,
      "gross_margin": 0.9712850491312075,
      "op_margin": null,
      "fcf_margin": 0.17418445133146307,
      "rev_growth_yoy": -0.06628174886170388,
      "rev_growth_yoy_accel": -0.02001835388114933,
      "fcf_margin_change": -0.03008397551122119
    },
    {
      "date": "2025-03-31T00:00:00",
      "quarter_label": "2025-03 (Q1)",
      "revenue": 67756000,
      "gross_profit": 64949000,
      "operating_income": null,
      "net_income": -10699000,
      "opex": 62226000,
      "cogs": 2807000,
      "rd": null,
      "sga": null,
      "fcf": 13193000,
      "ocf": 13193000,
      "capex": null,
      "gross_margin": 0.9585719345888187,
      "op_margin": null,
      "fcf_margin": 0.19471338331660665,
      "rev_growth_yoy": 0.006177606177606178,
      "rev_growth_yoy_accel": 0.07245935503931006,
      "fcf_margin_change": 0.020528931985143578
    },
    {
      "date": "2025-06-30T00:00:00",
      "quarter_label": "2025-06 (Q2)",
      "revenue": 75928000,
      "gross_profit": 73825000,
      "operating_income": null,
      "net_income": 10904000,
      "opex": 75296000,
      "cogs": 2103000,
      "rd": null,
      "sga": null,
      "fcf": 23790000,
      "ocf": 23790000,
      "capex": null,
      "gross_margin": 0.9723027078284691,
      "op_margin": null,
      "fcf_margin": 0.31332314824570645,
      "rev_growth_yoy": 0.12525935147311637,
      "rev_growth_yoy_accel": 0.11908174529551019,
      "op_leverage_ratio": 0.5742181236032458,
      "fcf_margin_change": 0.1186097649290998
    },
    {
      "date": "2025-09-30T00:00:00",
      "quarter_label": "2025-09 (Q3)",
      "revenue": 73440000,
      "gross_profit": 71058000,
      "operating_income": null,
      "net_income": 75237000,
      "opex": 60720000,
      "cogs": 2382000,
      "rd": null,
      "sga": null,
      "fcf": 13515000,
      "ocf": 13515000,
      "capex": null,
      "gross_margin": 0.9675653594771242,
      "op_margin": null,
      "fcf_margin": 0.1840277777777778,
      "rev_growth_yoy": 0.07722772277227723,
      "rev_growth_yoy_accel": -0.048031628700839143,
      "fcf_margin_change": -0.12929537046792866
    },
    {
      "date": "2025-12-31T00:00:00",
      "quarter_label": "2025-12 (Q4)",
      "revenue": 71310000,
      "gross_profit": 69312000,
      "operating_income": null,
      "net_income": -203000,
      "opex": 58794000,
      "cogs": 1998000,
      "rd": null,
      "sga": null,
      "fcf": 25469000,
      "ocf": 25469000,
      "capex": null,
      "gross_margin": 0.9719814892721919,
      "op_margin": null,
      "fcf_margin": 0.35715888374702004,
      "rev_growth_yoy": 0.04739802887651837,
      "rev_growth_yoy_accel": -0.02982969389575886,
      "fcf_margin_change": 0.17313110596924225
    }
  ],
  "signals": [
    {
      "quarter": "2025-12 (Q4)",
      "signal": "FCF MARGIN EXPANSION",
      "detail": "FCF margin: +18.4% -> +35.7% (+17.3%)",
      "severity": "MEDIUM"
    },
    {
      "quarter": "2025-06 (Q2)",
      "signal": "FCF MARGIN EXPANSION",
      "detail": "FCF margin: +19.5% -> +31.3% (+11.9%)",
      "severity": "MEDIUM"
    },
    {
      "quarter": "2025-06 (Q2)",
      "signal": "YoY REVENUE GROWTH ACCELERATION",
      "detail": "YoY growth: +12.5% vs prior quarter YoY: +0.6% (accel: +11.9%)",
      "severity": "MEDIUM"
    },
    {
      "quarter": "2025-03 (Q1)",
      "signal": "YoY REVENUE GROWTH ACCELERATION",
      "detail": "YoY growth: +0.6% vs prior quarter YoY: -6.6% (accel: +7.2%)",
      "severity": "MEDIUM"
    },
    {
      "quarter": "2024-03 (Q1)",
      "signal": "FCF MARGIN EXPANSION",
      "detail": "FCF margin: +16.8% -> +23.3% (+6.5%)",
      "severity": "MEDIUM"
    },
    {
      "quarter": "2024-03 (Q1)",
      "signal": "YoY REVENUE GROWTH ACCELERATION",
      "detail": "YoY growth: +0.6% vs prior quarter YoY: -15.4% (accel: +16.0%)",
      "severity": "HIGH"
    },
    {
      "quarter": "2023-12 (Q4)",
      "signal": "YoY REVENUE GROWTH ACCELERATION",
      "detail": "YoY growth: -15.4% vs prior quarter YoY: -21.8% (accel: +6.3%)",
      "severity": "MEDIUM"
    },
    {
      "quarter": "2023-09 (Q3)",
      "signal": "YoY REVENUE GROWTH DECELERATION",
      "detail": "YoY growth: -21.8% vs prior quarter YoY: -13.9% (decel: -7.9%)",
      "severity": "WARNING"
    },
    {
      "quarter": "2023-06 (Q2)",
      "signal": "YoY REVENUE GROWTH ACCELERATION",
      "detail": "YoY growth: -13.9% vs prior quarter YoY: -32.5% (accel: +18.6%)",
      "severity": "HIGH"
    },
    {
      "quarter": "2023-03 (Q1)",
      "signal": "FCF MARGIN EXPANSION",
      "detail": "FCF margin: +7.8% -> +18.1% (+10.3%)",
      "severity": "MEDIUM"
    },
    {
      "quarter": "2023-03 (Q1)",
      "signal": "YoY REVENUE GROWTH DECELERATION",
      "detail": "YoY growth: -32.5% vs prior quarter YoY: -2.3% (decel: -30.2%)",
      "severity": "WARNING"
    },
    {
      "quarter": "2022-12 (Q4)",
      "signal": "YoY REVENUE GROWTH DECELERATION",
      "detail": "YoY growth: -2.3% vs prior quarter YoY: +9.1% (decel: -11.4%)",
      "severity": "WARNING"
    },
    {
      "quarter": "2022-09 (Q3)",
      "signal": "YoY REVENUE GROWTH ACCELERATION",
      "detail": "YoY growth: +9.1% vs prior quarter YoY: -1.7% (accel: +10.8%)",
      "severity": "MEDIUM"
    },
    {
      "quarter": "2022-06 (Q2)",
      "signal": "YoY REVENUE GROWTH DECELERATION",
      "detail": "YoY growth: -1.7% vs prior quarter YoY: +30.2% (decel: -32.0%)",
      "severity": "WARNING"
    },
    {
      "quarter": "2022-03 (Q1)",
      "signal": "FCF MARGIN EXPANSION",
      "detail": "FCF margin: +16.9% -> +31.8% (+14.9%)",
      "severity": "MEDIUM"
    },
    {
      "quarter": "2021-09 (Q3)",
      "signal": "FCF MARGIN EXPANSION",
      "detail": "FCF margin: +2.2% -> +15.8% (+13.6%)",
      "severity": "MEDIUM"
    }
  ],
  "data_quality": {
    "n_quarters": 20,
    "coverage": {
      "revenue": [
        20,
        20
      ],
      "gross_profit": [
        20,
        20
      ],
      "op_income": [
        0,
        20
      ],
      "fcf": [
        20,
        20
      ]
    },
    "gaps": [],
    "warnings": [
      "op_income: no data"
    ]
  },
  "market_cap": null,
  "source": "SEC EDGAR",
  "last_updated": "2026-02-24T10:07:30.768776"
}