{
  "ticker": "VRRM",
  "name": "VERRA MOBILITY CORPORATION",
  "quarters": [
    {
      "date": "2020-12-31T00:00:00",
      "quarter_label": "2020-12 (Q4)",
      "revenue": 100163000,
      "gross_profit": null,
      "operating_income": 10085000,
      "net_income": -1416000,
      "opex": 90078000,
      "cogs": null,
      "rd": null,
      "sga": 25446000,
      "fcf": -3384000,
      "ocf": 2559000,
      "capex": -5943000,
      "gross_margin": null,
      "op_margin": 0.10068588201231991,
      "fcf_margin": -0.03378493056318201
    },
    {
      "date": "2021-03-31T00:00:00",
      "quarter_label": "2021-03 (Q1)",
      "revenue": 89858000,
      "gross_profit": null,
      "operating_income": 1751000,
      "net_income": -8915000,
      "opex": 88107000,
      "cogs": null,
      "rd": null,
      "sga": 28443000,
      "fcf": 5309000,
      "ocf": 9013000,
      "capex": -3704000,
      "gross_margin": null,
      "op_margin": 0.019486300607625365,
      "fcf_margin": 0.05908210732489038,
      "fcf_margin_change": 0.09286703788807239
    },
    {
      "date": "2021-06-30T00:00:00",
      "quarter_label": "2021-06 (Q2)",
      "revenue": 5307000,
      "gross_profit": null,
      "operating_income": 31506000,
      "net_income": 3992000,
      "opex": 97151000,
      "cogs": null,
      "rd": null,
      "sga": 26229000,
      "fcf": 23912000,
      "ocf": 28465000,
      "capex": -4553000,
      "gross_margin": null,
      "op_margin": 5.936687394007914,
      "fcf_margin": 4.505747126436781,
      "fcf_margin_change": 4.446665019111891
    },
    {
      "date": "2021-09-30T00:00:00",
      "quarter_label": "2021-09 (Q3)",
      "revenue": 15326000,
      "gross_profit": null,
      "operating_income": 41874000,
      "net_income": 27306000,
      "opex": 120221000,
      "cogs": null,
      "rd": null,
      "sga": 31580000,
      "fcf": 84430000,
      "ocf": 91806000,
      "capex": -7376000,
      "gross_margin": null,
      "op_margin": 2.7322197572752187,
      "fcf_margin": 5.508939057810257,
      "op_leverage_ratio": 7.9501435362459745,
      "fcf_margin_change": 1.0031919313734754
    },
    {
      "date": "2021-12-31T00:00:00",
      "quarter_label": "2021-12 (Q4)",
      "revenue": 16585000,
      "gross_profit": null,
      "operating_income": 36735000,
      "net_income": 19066000,
      "opex": 133245000,
      "cogs": null,
      "rd": null,
      "sga": 37155000,
      "fcf": 54522000,
      "ocf": 63887000,
      "capex": -9365000,
      "gross_margin": null,
      "op_margin": 2.2149532710280373,
      "fcf_margin": 3.2874283991558637,
      "incr_op_margin_yoy": -0.3188638158367034,
      "rev_growth_yoy": -0.8344198955702206,
      "op_leverage_ratio": 0.7582856850910323,
      "fcf_margin_change": -2.221510658654393
    },
    {
      "date": "2022-03-31T00:00:00",
      "quarter_label": "2022-03 (Q1)",
      "revenue": 23229000,
      "gross_profit": null,
      "operating_income": 32006000,
      "net_income": 10040000,
      "opex": 138379000,
      "cogs": null,
      "rd": null,
      "sga": 41635000,
      "fcf": 19769000,
      "ocf": 31247000,
      "capex": -11478000,
      "gross_margin": null,
      "op_margin": 1.3778466571957466,
      "fcf_margin": 0.8510482586422145,
      "incr_op_margin_yoy": -0.4540815560791847,
      "rev_growth_yoy": -0.7414921320305371,
      "rev_growth_yoy_accel": 0.09292776353968346,
      "op_leverage_ratio": 10.397027789107804,
      "fcf_margin_change": -2.4363801405136494
    },
    {
      "date": "2022-06-30T00:00:00",
      "quarter_label": "2022-06 (Q2)",
      "revenue": 21884000,
      "gross_profit": null,
      "operating_income": 45161000,
      "net_income": 29641000,
      "opex": 142326000,
      "cogs": null,
      "rd": null,
      "sga": 40152000,
      "fcf": 53882000,
      "ocf": 65128000,
      "capex": -11246000,
      "gross_margin": null,
      "op_margin": 2.063653811003473,
      "fcf_margin": 2.4621641381831476,
      "incr_op_margin_yoy": 0.8237316764191349,
      "rev_growth_yoy": 3.123610325984549,
      "rev_growth_yoy_accel": 3.865102458015086,
      "fcf_margin_change": 1.6111158795409333
    },
    {
      "date": "2022-09-30T00:00:00",
      "quarter_label": "2022-09 (Q3)",
      "revenue": 23176000,
      "gross_profit": null,
      "operating_income": 45498000,
      "net_income": 24576000,
      "opex": 152158000,
      "cogs": null,
      "rd": null,
      "sga": 41126000,
      "fcf": 39198000,
      "ocf": 52401000,
      "capex": -13203000,
      "gross_margin": null,
      "op_margin": 1.9631515360717984,
      "fcf_margin": 1.6913186054539178,
      "incr_op_margin_yoy": 0.461656050955414,
      "rev_growth_yoy": 0.5122014876680151,
      "rev_growth_yoy_accel": -2.611408838316534,
      "op_leverage_ratio": 0.8546300941170836,
      "fcf_margin_change": -0.7708455327292298
    },
    {
      "date": "2022-12-31T00:00:00",
      "quarter_label": "2022-12 (Q4)",
      "revenue": 26912000,
      "gross_profit": null,
      "operating_income": 42040000,
      "net_income": 28218000,
      "opex": 144030000,
      "cogs": null,
      "rd": null,
      "sga": 40220000,
      "fcf": 57302000,
      "ocf": 69561000,
      "capex": -12259000,
      "gross_margin": null,
      "op_margin": 1.562128418549346,
      "fcf_margin": 2.129236028537455,
      "incr_op_margin_yoy": 0.5137019463542171,
      "rev_growth_yoy": 0.6226710883328309,
      "rev_growth_yoy_accel": 0.11046960066481581,
      "op_leverage_ratio": Infinity,
      "fcf_margin_change": 0.4379174230835374
    },
    {
      "date": "2023-03-31T00:00:00",
      "quarter_label": "2023-03 (Q1)",
      "revenue": 24346000,
      "gross_profit": null,
      "operating_income": 50101000,
      "net_income": 4577000,
      "opex": 141802000,
      "cogs": null,
      "rd": null,
      "sga": 40013000,
      "fcf": 26845000,
      "ocf": 45217000,
      "capex": -18372000,
      "gross_margin": null,
      "op_margin": 2.0578739834058983,
      "fcf_margin": 1.1026451983898793,
      "incr_op_margin_yoy": 16.199641897940914,
      "rev_growth_yoy": 0.04808644366955099,
      "rev_growth_yoy_accel": -0.57458464466328,
      "fcf_margin_change": -1.026590830147576
    },
    {
      "date": "2023-06-30T00:00:00",
      "quarter_label": "2023-06 (Q2)",
      "revenue": 25509000,
      "gross_profit": null,
      "operating_income": 56211000,
      "net_income": 19108000,
      "opex": 148250000,
      "cogs": null,
      "rd": null,
      "sga": 43205000,
      "fcf": 50984000,
      "ocf": 62710000,
      "capex": -11726000,
      "gross_margin": null,
      "op_margin": 2.203575208749853,
      "fcf_margin": 1.9986671370888707,
      "incr_op_margin_yoy": 3.0482758620689654,
      "rev_growth_yoy": 0.1656461341619448,
      "rev_growth_yoy_accel": 0.1175596904923938,
      "op_leverage_ratio": 1.050532335321285,
      "fcf_margin_change": 0.8960219386989914
    },
    {
      "date": "2023-09-30T00:00:00",
      "quarter_label": "2023-09 (Q3)",
      "revenue": 25927000,
      "gross_profit": null,
      "operating_income": 59173000,
      "net_income": 30308000,
      "opex": 150760000,
      "cogs": null,
      "rd": null,
      "sga": 42276000,
      "fcf": 52041000,
      "ocf": 62444000,
      "capex": -10403000,
      "gross_margin": null,
      "op_margin": 2.2822925907355267,
      "fcf_margin": 2.0072125583368687,
      "incr_op_margin_yoy": 4.9709196655761545,
      "rev_growth_yoy": 0.11870037970314118,
      "rev_growth_yoy_accel": -0.04694575445880361,
      "op_leverage_ratio": 0.9678405824738991,
      "fcf_margin_change": 0.008545421247998064
    },
    {
      "date": "2023-12-31T00:00:00",
      "quarter_label": "2023-12 (Q4)",
      "revenue": 27788000,
      "gross_profit": null,
      "operating_income": 23329000,
      "net_income": 3022000,
      "opex": 187684000,
      "cogs": null,
      "rd": null,
      "sga": 73056000,
      "fcf": 19246000,
      "ocf": 35730000,
      "capex": -16484000,
      "gross_margin": null,
      "op_margin": 0.8395350511011948,
      "fcf_margin": 0.6926011227868144,
      "rev_growth_yoy": 0.032550535077288945,
      "rev_growth_yoy_accel": -0.08614984462585223,
      "op_leverage_ratio": 0.2930700861121714,
      "fcf_margin_change": -1.3146114355500544
    },
    {
      "date": "2024-03-31T00:00:00",
      "quarter_label": "2024-03 (Q1)",
      "revenue": 26367000,
      "gross_profit": null,
      "operating_income": 54353000,
      "net_income": 29149000,
      "opex": 155377000,
      "cogs": null,
      "rd": null,
      "sga": 48171000,
      "fcf": 20053000,
      "ocf": 34332000,
      "capex": -14279000,
      "gross_margin": null,
      "op_margin": 2.0614025107141503,
      "fcf_margin": 0.7605340008343763,
      "incr_op_margin_yoy": 2.1039089559623947,
      "rev_growth_yoy": 0.08301158301158301,
      "rev_growth_yoy_accel": 0.05046104793429407,
      "fcf_margin_change": 0.06793287804756187
    },
    {
      "date": "2024-06-30T00:00:00",
      "quarter_label": "2024-06 (Q2)",
      "revenue": 28855000,
      "gross_profit": null,
      "operating_income": 61169000,
      "net_income": 34223000,
      "opex": 161257000,
      "cogs": null,
      "rd": null,
      "sga": 46343000,
      "fcf": 25982000,
      "ocf": 40036000,
      "capex": -14054000,
      "gross_margin": null,
      "op_margin": 2.119875238260267,
      "fcf_margin": 0.9004332004851845,
      "incr_op_margin_yoy": 1.4817692767483563,
      "rev_growth_yoy": 0.1311693911952644,
      "rev_growth_yoy_accel": 0.0481578081836814,
      "op_leverage_ratio": 2.493440806367679,
      "fcf_margin_change": 0.13989919965080821
    },
    {
      "date": "2024-09-30T00:00:00",
      "quarter_label": "2024-09 (Q3)",
      "revenue": 28355000,
      "gross_profit": null,
      "operating_income": 63890000,
      "net_income": 34732000,
      "opex": 161661000,
      "cogs": null,
      "rd": null,
      "sga": 47918000,
      "fcf": 85111000,
      "ocf": 108787000,
      "capex": -23676000,
      "gross_margin": null,
      "op_margin": 2.2532181273144065,
      "fcf_margin": 3.0016222888379476,
      "incr_op_margin_yoy": 1.9427512355848435,
      "rev_growth_yoy": 0.09364754888726039,
      "rev_growth_yoy_accel": -0.037521842308004025,
      "fcf_margin_change": 2.101189088352763
    },
    {
      "date": "2024-12-31T00:00:00",
      "quarter_label": "2024-12 (Q4)",
      "revenue": 32446000,
      "gross_profit": null,
      "operating_income": -43390000,
      "net_income": -66656000,
      "opex": 264890000,
      "cogs": null,
      "rd": null,
      "sga": 52622000,
      "fcf": 21640000,
      "ocf": 40487000,
      "capex": -18847000,
      "gross_margin": null,
      "op_margin": -1.3372988966282437,
      "fcf_margin": 0.6669543241077482,
      "incr_op_margin_yoy": -14.323529411764707,
      "rev_growth_yoy": 0.16762631351662588,
      "rev_growth_yoy_accel": 0.07397876462936549,
      "op_leverage_ratio": 0.22594532952409135,
      "fcf_margin_change": -2.3346679647301993
    },
    {
      "date": "2025-03-31T00:00:00",
      "quarter_label": "2025-03 (Q1)",
      "revenue": 31447000,
      "gross_profit": null,
      "operating_income": 57385000,
      "net_income": 32339000,
      "opex": 165869000,
      "cogs": null,
      "rd": null,
      "sga": 51501000,
      "fcf": 41722000,
      "ocf": 62965000,
      "capex": -21243000,
      "gross_margin": null,
      "op_margin": 1.8248163576811778,
      "fcf_margin": 1.326740229592648,
      "incr_op_margin_yoy": 0.5968503937007874,
      "rev_growth_yoy": 0.19266507376645048,
      "rev_growth_yoy_accel": 0.0250387602498246,
      "fcf_margin_change": 0.6597859054848998
    },
    {
      "date": "2025-06-30T00:00:00",
      "quarter_label": "2025-06 (Q2)",
      "revenue": 33161000,
      "gross_profit": null,
      "operating_income": 63194000,
      "net_income": 38575000,
      "opex": 172831000,
      "cogs": null,
      "rd": null,
      "sga": 48466000,
      "fcf": 40273000,
      "ocf": 75148000,
      "capex": -34875000,
      "gross_margin": null,
      "op_margin": 1.9056723259250323,
      "fcf_margin": 1.2144688037152076,
      "incr_op_margin_yoy": 0.4702740362285183,
      "rev_growth_yoy": 0.14922890313637152,
      "rev_growth_yoy_accel": -0.04343617063007896,
      "op_leverage_ratio": 1.298562342167627,
      "fcf_margin_change": -0.11227142587744043
    },
    {
      "date": "2025-09-30T00:00:00",
      "quarter_label": "2025-09 (Q3)",
      "revenue": 35701000,
      "gross_profit": null,
      "operating_income": 74809000,
      "net_income": 46839000,
      "opex": 187129000,
      "cogs": null,
      "rd": null,
      "sga": 47757000,
      "fcf": 48965000,
      "ocf": 77715000,
      "capex": -28750000,
      "gross_margin": null,
      "op_margin": 2.0954315005181927,
      "fcf_margin": 1.3715302092378365,
      "incr_op_margin_yoy": 1.4863871494690988,
      "rev_growth_yoy": 0.2590724739904779,
      "rev_growth_yoy_accel": 0.10984357085410637,
      "op_leverage_ratio": 0.9258751927068484,
      "fcf_margin_change": 0.15706140552262893
    }
  ],
  "signals": [
    {
      "quarter": "2025-09 (Q3)",
      "signal": "FCF MARGIN EXPANSION",
      "detail": "FCF margin: +121.4% -> +137.2% (+15.7%)",
      "severity": "MEDIUM"
    },
    {
      "quarter": "2025-09 (Q3)",
      "signal": "YoY REVENUE GROWTH ACCELERATION",
      "detail": "YoY growth: +25.9% vs prior quarter YoY: +14.9% (accel: +11.0%)",
      "severity": "MEDIUM"
    },
    {
      "quarter": "2025-03 (Q1)",
      "signal": "FCF MARGIN EXPANSION",
      "detail": "FCF margin: +66.7% -> +132.7% (+66.0%)",
      "severity": "MEDIUM"
    },
    {
      "quarter": "2025-03 (Q1)",
      "signal": "OP MARGIN TURNED POSITIVE (QoQ)",
      "detail": "Op margin: -133.7% -> +182.5%",
      "severity": "HIGH"
    },
    {
      "quarter": "2024-12 (Q4)",
      "signal": "YoY REVENUE GROWTH ACCELERATION",
      "detail": "YoY growth: +16.8% vs prior quarter YoY: +9.4% (accel: +7.4%)",
      "severity": "MEDIUM"
    },
    {
      "quarter": "2024-09 (Q3)",
      "signal": "FCF MARGIN EXPANSION",
      "detail": "FCF margin: +90.0% -> +300.2% (+210.1%)",
      "severity": "MEDIUM"
    },
    {
      "quarter": "2024-06 (Q2)",
      "signal": "FCF MARGIN EXPANSION",
      "detail": "FCF margin: +76.1% -> +90.0% (+14.0%)",
      "severity": "MEDIUM"
    },
    {
      "quarter": "2024-06 (Q2)",
      "signal": "OPERATING LEVERAGE",
      "detail": "Rev growth +9.4% vs OpEx growth +3.8% (leverage: 2.5x)",
      "severity": "MEDIUM"
    },
    {
      "quarter": "2024-03 (Q1)",
      "signal": "FCF MARGIN EXPANSION",
      "detail": "FCF margin: +69.3% -> +76.1% (+6.8%)",
      "severity": "MEDIUM"
    },
    {
      "quarter": "2024-03 (Q1)",
      "signal": "YoY REVENUE GROWTH ACCELERATION",
      "detail": "YoY growth: +8.3% vs prior quarter YoY: +3.3% (accel: +5.0%)",
      "severity": "MEDIUM"
    },
    {
      "quarter": "2023-12 (Q4)",
      "signal": "YoY REVENUE GROWTH DECELERATION",
      "detail": "YoY growth: +3.3% vs prior quarter YoY: +11.9% (decel: -8.6%)",
      "severity": "WARNING"
    },
    {
      "quarter": "2023-09 (Q3)",
      "signal": "INCREMENTAL MARGIN (YoY)",
      "detail": "YoY Incr OPM: +497.1% vs year-ago OPM: +196.3%",
      "severity": "HIGH"
    },
    {
      "quarter": "2023-06 (Q2)",
      "signal": "FCF MARGIN EXPANSION",
      "detail": "FCF margin: +110.3% -> +199.9% (+89.6%)",
      "severity": "MEDIUM"
    },
    {
      "quarter": "2023-06 (Q2)",
      "signal": "YoY REVENUE GROWTH ACCELERATION",
      "detail": "YoY growth: +16.6% vs prior quarter YoY: +4.8% (accel: +11.8%)",
      "severity": "MEDIUM"
    },
    {
      "quarter": "2023-06 (Q2)",
      "signal": "INCREMENTAL MARGIN (YoY)",
      "detail": "YoY Incr OPM: +304.8% vs year-ago OPM: +206.4%",
      "severity": "HIGH"
    },
    {
      "quarter": "2023-03 (Q1)",
      "signal": "YoY REVENUE GROWTH DECELERATION",
      "detail": "YoY growth: +4.8% vs prior quarter YoY: +62.3% (decel: -57.5%)",
      "severity": "WARNING"
    },
    {
      "quarter": "2023-03 (Q1)",
      "signal": "INCREMENTAL MARGIN (YoY)",
      "detail": "YoY Incr OPM: +1620.0% vs year-ago OPM: +137.8%",
      "severity": "HIGH"
    },
    {
      "quarter": "2022-12 (Q4)",
      "signal": "FCF MARGIN EXPANSION",
      "detail": "FCF margin: +169.1% -> +212.9% (+43.8%)",
      "severity": "MEDIUM"
    },
    {
      "quarter": "2022-12 (Q4)",
      "signal": "YoY REVENUE GROWTH ACCELERATION",
      "detail": "YoY growth: +62.3% vs prior quarter YoY: +51.2% (accel: +11.0%)",
      "severity": "MEDIUM"
    },
    {
      "quarter": "2022-09 (Q3)",
      "signal": "YoY REVENUE GROWTH DECELERATION",
      "detail": "YoY growth: +51.2% vs prior quarter YoY: +312.4% (decel: -261.1%)",
      "severity": "WARNING"
    },
    {
      "quarter": "2022-06 (Q2)",
      "signal": "FCF MARGIN EXPANSION",
      "detail": "FCF margin: +85.1% -> +246.2% (+161.1%)",
      "severity": "MEDIUM"
    },
    {
      "quarter": "2022-06 (Q2)",
      "signal": "YoY REVENUE GROWTH ACCELERATION",
      "detail": "YoY growth: +312.4% vs prior quarter YoY: -74.1% (accel: +386.5%)",
      "severity": "HIGH"
    },
    {
      "quarter": "2022-03 (Q1)",
      "signal": "OPERATING LEVERAGE",
      "detail": "Rev growth +40.1% vs OpEx growth +3.9% (leverage: 10.4x)",
      "severity": "MEDIUM"
    },
    {
      "quarter": "2022-03 (Q1)",
      "signal": "YoY REVENUE GROWTH ACCELERATION",
      "detail": "YoY growth: -74.1% vs prior quarter YoY: -83.4% (accel: +9.3%)",
      "severity": "MEDIUM"
    },
    {
      "quarter": "2021-09 (Q3)",
      "signal": "FCF MARGIN EXPANSION",
      "detail": "FCF margin: +450.6% -> +550.9% (+100.3%)",
      "severity": "MEDIUM"
    },
    {
      "quarter": "2021-09 (Q3)",
      "signal": "OPERATING LEVERAGE",
      "detail": "Rev growth +188.8% vs OpEx growth +23.7% (leverage: 8.0x)",
      "severity": "MEDIUM"
    },
    {
      "quarter": "2021-06 (Q2)",
      "signal": "FCF MARGIN EXPANSION",
      "detail": "FCF margin: +5.9% -> +450.6% (+444.7%)",
      "severity": "MEDIUM"
    },
    {
      "quarter": "2021-03 (Q1)",
      "signal": "FCF TURNED POSITIVE",
      "detail": "FCF margin: -3.4% -> +5.9%",
      "severity": "HIGH"
    }
  ],
  "data_quality": {
    "n_quarters": 20,
    "coverage": {
      "revenue": [
        20,
        20
      ],
      "gross_profit": [
        0,
        20
      ],
      "op_income": [
        20,
        20
      ],
      "fcf": [
        20,
        20
      ]
    },
    "gaps": [],
    "warnings": [
      "gross_profit: no data"
    ]
  },
  "market_cap": null,
  "source": "SEC EDGAR",
  "last_updated": "2026-02-02T21:20:26.244340"
}