{
  "ticker": "VRTS",
  "name": "VIRTUS INVESTMENT PARTNERS, INC.",
  "quarters": [
    {
      "date": "2020-12-31T00:00:00",
      "quarter_label": "2020-12 (Q4)",
      "revenue": 171646000,
      "gross_profit": null,
      "operating_income": 50931000,
      "net_income": 43315000,
      "opex": 120715000,
      "cogs": null,
      "rd": null,
      "sga": null,
      "fcf": 153910000,
      "ocf": 154164000,
      "capex": -254000,
      "gross_margin": null,
      "op_margin": 0.2967211586637615,
      "fcf_margin": 0.896671055544551
    },
    {
      "date": "2021-03-31T00:00:00",
      "quarter_label": "2021-03 (Q1)",
      "revenue": 216897000,
      "gross_profit": null,
      "operating_income": 62142000,
      "net_income": null,
      "opex": 154755000,
      "cogs": null,
      "rd": null,
      "sga": null,
      "fcf": 147591000,
      "ocf": 150151000,
      "capex": -2560000,
      "gross_margin": null,
      "op_margin": 0.2865046542829085,
      "fcf_margin": 0.6804658432343462,
      "op_leverage_ratio": 0.9349021988632824,
      "fcf_margin_change": -0.21620521231020473
    },
    {
      "date": "2021-06-30T00:00:00",
      "quarter_label": "2021-06 (Q2)",
      "revenue": 244011000,
      "gross_profit": null,
      "operating_income": 86411000,
      "net_income": null,
      "opex": 157600000,
      "cogs": null,
      "rd": null,
      "sga": null,
      "fcf": 87253000,
      "ocf": 89029000,
      "capex": -1776000,
      "gross_margin": null,
      "op_margin": 0.3541274778596047,
      "fcf_margin": 0.3575781419690096,
      "op_leverage_ratio": 6.799899052292871,
      "fcf_margin_change": -0.3228877012653366
    },
    {
      "date": "2021-09-30T00:00:00",
      "quarter_label": "2021-09 (Q3)",
      "revenue": 252064000,
      "gross_profit": null,
      "operating_income": 93282000,
      "net_income": null,
      "opex": 158782000,
      "cogs": null,
      "rd": null,
      "sga": null,
      "fcf": 184013000,
      "ocf": 184499000,
      "capex": -486000,
      "gross_margin": null,
      "op_margin": 0.3700726799542973,
      "fcf_margin": 0.7300249143074775,
      "op_leverage_ratio": 4.400348071739936,
      "fcf_margin_change": 0.3724467723384679
    },
    {
      "date": "2021-12-31T00:00:00",
      "quarter_label": "2021-12 (Q4)",
      "revenue": 266262000,
      "gross_profit": null,
      "operating_income": 83653000,
      "net_income": null,
      "opex": 182609000,
      "cogs": null,
      "rd": null,
      "sga": null,
      "fcf": 241034000,
      "ocf": 242050000,
      "capex": -1016000,
      "gross_margin": null,
      "op_margin": 0.3141755113384561,
      "fcf_margin": 0.9052512187244143,
      "incr_op_margin_yoy": 0.3458400270567346,
      "rev_growth_yoy": 0.5512275264206564,
      "op_leverage_ratio": 0.37536022537494806,
      "fcf_margin_change": 0.17522630441693676
    },
    {
      "date": "2022-03-31T00:00:00",
      "quarter_label": "2022-03 (Q1)",
      "revenue": 252440000,
      "gross_profit": null,
      "operating_income": 65552000,
      "net_income": null,
      "opex": 186888000,
      "cogs": null,
      "rd": null,
      "sga": null,
      "fcf": -84285000,
      "ocf": -81775000,
      "capex": -2510000,
      "gross_margin": null,
      "op_margin": 0.25967358580256694,
      "fcf_margin": -0.3338813183330692,
      "incr_op_margin_yoy": 0.09594012885800299,
      "rev_growth_yoy": 0.1638704085349267,
      "rev_growth_yoy_accel": -0.3873571178857297,
      "fcf_margin_change": -1.2391325370574835
    },
    {
      "date": "2022-06-30T00:00:00",
      "quarter_label": "2022-06 (Q2)",
      "revenue": 225307000,
      "gross_profit": null,
      "operating_income": 56670000,
      "net_income": null,
      "opex": 168637000,
      "cogs": null,
      "rd": null,
      "sga": null,
      "fcf": 117535000,
      "ocf": 119386000,
      "capex": -1851000,
      "gross_margin": null,
      "op_margin": 0.2515234768560231,
      "fcf_margin": 0.521665993511076,
      "incr_op_margin_yoy": 1.5900876817792986,
      "rev_growth_yoy": -0.07665228206925098,
      "rev_growth_yoy_accel": -0.2405226906041777,
      "fcf_margin_change": 0.8555473118441452
    },
    {
      "date": "2022-09-30T00:00:00",
      "quarter_label": "2022-09 (Q3)",
      "revenue": 210261000,
      "gross_profit": null,
      "operating_income": 44017000,
      "net_income": null,
      "opex": 166244000,
      "cogs": null,
      "rd": null,
      "sga": null,
      "fcf": 116105000,
      "ocf": 117239000,
      "capex": -1134000,
      "gross_margin": null,
      "op_margin": 0.20934457650253732,
      "fcf_margin": 0.5521946533118363,
      "incr_op_margin_yoy": 1.1785039351242734,
      "rev_growth_yoy": -0.16584280182810715,
      "rev_growth_yoy_accel": -0.08919051975885617,
      "fcf_margin_change": 0.03052865980076025
    },
    {
      "date": "2022-12-31T00:00:00",
      "quarter_label": "2022-12 (Q4)",
      "revenue": 198371000,
      "gross_profit": null,
      "operating_income": 31221000,
      "net_income": null,
      "opex": 167150000,
      "cogs": null,
      "rd": null,
      "sga": null,
      "fcf": -23267000,
      "ocf": -22180000,
      "capex": -1087000,
      "gross_margin": null,
      "op_margin": 0.15738691643435784,
      "fcf_margin": -0.11729032973569725,
      "incr_op_margin_yoy": 0.7722967698222151,
      "rev_growth_yoy": -0.2549781793872201,
      "rev_growth_yoy_accel": -0.08913537755911297,
      "fcf_margin_change": -0.6694849830475336
    },
    {
      "date": "2023-03-31T00:00:00",
      "quarter_label": "2023-03 (Q1)",
      "revenue": 197874000,
      "gross_profit": null,
      "operating_income": 28579000,
      "net_income": null,
      "opex": 169295000,
      "cogs": null,
      "rd": null,
      "sga": null,
      "fcf": -44407000,
      "ocf": -42959000,
      "capex": -1448000,
      "gross_margin": null,
      "op_margin": 0.14443029402549096,
      "fcf_margin": -0.22442059088106572,
      "incr_op_margin_yoy": 0.6775831103617638,
      "rev_growth_yoy": -0.21615433370305814,
      "rev_growth_yoy_accel": 0.03882384568416197,
      "fcf_margin_change": -0.10713026114536847
    },
    {
      "date": "2023-06-30T00:00:00",
      "quarter_label": "2023-06 (Q2)",
      "revenue": 213536000,
      "gross_profit": null,
      "operating_income": 39046000,
      "net_income": null,
      "opex": 174490000,
      "cogs": null,
      "rd": null,
      "sga": null,
      "fcf": 143947000,
      "ocf": 145047000,
      "capex": -1100000,
      "gross_margin": null,
      "op_margin": 0.18285441330735802,
      "fcf_margin": 0.6741111569009441,
      "incr_op_margin_yoy": 1.4972389771472263,
      "rev_growth_yoy": -0.052244271150030844,
      "rev_growth_yoy_accel": 0.1639100625530273,
      "op_leverage_ratio": 2.5793903243450935,
      "fcf_margin_change": 0.8985317477820098
    },
    {
      "date": "2023-09-30T00:00:00",
      "quarter_label": "2023-09 (Q3)",
      "revenue": 219271000,
      "gross_profit": null,
      "operating_income": 44903000,
      "net_income": null,
      "opex": 174368000,
      "cogs": null,
      "rd": null,
      "sga": null,
      "fcf": 123862000,
      "ocf": 127752000,
      "capex": -3890000,
      "gross_margin": null,
      "op_margin": 0.20478312225510897,
      "fcf_margin": 0.5648809008031158,
      "incr_op_margin_yoy": 0.09833518312985572,
      "rev_growth_yoy": 0.04285150360742125,
      "rev_growth_yoy_accel": 0.0950957747574521,
      "op_leverage_ratio": Infinity,
      "fcf_margin_change": -0.10923025609782833
    },
    {
      "date": "2023-12-31T00:00:00",
      "quarter_label": "2023-12 (Q4)",
      "revenue": 214587000,
      "gross_profit": null,
      "operating_income": 38956000,
      "net_income": null,
      "opex": 175631000,
      "cogs": null,
      "rd": null,
      "sga": null,
      "fcf": 4934000,
      "ocf": 7317000,
      "capex": -2383000,
      "gross_margin": null,
      "op_margin": 0.18153942223899863,
      "fcf_margin": 0.02299300516806703,
      "incr_op_margin_yoy": 0.4769980266403552,
      "rev_growth_yoy": 0.08174581970146846,
      "rev_growth_yoy_accel": 0.03889431609404721,
      "fcf_margin_change": -0.5418878956350488
    },
    {
      "date": "2024-03-31T00:00:00",
      "quarter_label": "2024-03 (Q1)",
      "revenue": 222042000,
      "gross_profit": null,
      "operating_income": 32306000,
      "net_income": null,
      "opex": 189736000,
      "cogs": null,
      "rd": null,
      "sga": null,
      "fcf": -36451000,
      "ocf": -34528000,
      "capex": -1923000,
      "gross_margin": null,
      "op_margin": 0.14549499644211455,
      "fcf_margin": -0.16416263589771304,
      "incr_op_margin_yoy": 0.15421218139688844,
      "rev_growth_yoy": 0.12213833045271233,
      "rev_growth_yoy_accel": 0.040392510751243865,
      "op_leverage_ratio": 0.43258586368013224,
      "fcf_margin_change": -0.1871556410657801
    },
    {
      "date": "2024-06-30T00:00:00",
      "quarter_label": "2024-06 (Q2)",
      "revenue": 224384000,
      "gross_profit": null,
      "operating_income": 44205000,
      "net_income": null,
      "opex": 180179000,
      "cogs": null,
      "rd": null,
      "sga": null,
      "fcf": 68627000,
      "ocf": 69955000,
      "capex": -1328000,
      "gross_margin": null,
      "op_margin": 0.19700602538505418,
      "fcf_margin": 0.30584622789503707,
      "incr_op_margin_yoy": 0.4755715339233038,
      "rev_growth_yoy": 0.05080173834856886,
      "rev_growth_yoy_accel": -0.07133659210414348,
      "op_leverage_ratio": Infinity,
      "fcf_margin_change": 0.4700088637927501
    },
    {
      "date": "2024-09-30T00:00:00",
      "quarter_label": "2024-09 (Q3)",
      "revenue": 227029000,
      "gross_profit": null,
      "operating_income": 55258000,
      "net_income": null,
      "opex": 171771000,
      "cogs": null,
      "rd": null,
      "sga": null,
      "fcf": 68728000,
      "ocf": 69135000,
      "capex": -407000,
      "gross_margin": null,
      "op_margin": 0.24339621810429504,
      "fcf_margin": 0.30272784534134406,
      "incr_op_margin_yoy": 1.3347512245424078,
      "rev_growth_yoy": 0.035380875719999455,
      "rev_growth_yoy_accel": -0.015420862628569405,
      "op_leverage_ratio": Infinity,
      "fcf_margin_change": -0.003118382553693011
    },
    {
      "date": "2024-12-31T00:00:00",
      "quarter_label": "2024-12 (Q4)",
      "revenue": 233494000,
      "gross_profit": null,
      "operating_income": 50721000,
      "net_income": null,
      "opex": 182773000,
      "cogs": null,
      "rd": null,
      "sga": null,
      "fcf": -104728000,
      "ocf": -102807000,
      "capex": -1921000,
      "gross_margin": null,
      "op_margin": 0.21722613857315393,
      "fcf_margin": -0.4485254439086229,
      "incr_op_margin_yoy": 0.622256307187814,
      "rev_growth_yoy": 0.08810878571395285,
      "rev_growth_yoy_accel": 0.052727909993953395,
      "op_leverage_ratio": 0.4445958416611282,
      "fcf_margin_change": -0.751253289249967
    },
    {
      "date": "2025-03-31T00:00:00",
      "quarter_label": "2025-03 (Q1)",
      "revenue": 217932000,
      "gross_profit": null,
      "operating_income": 36595000,
      "net_income": null,
      "opex": 181337000,
      "cogs": null,
      "rd": null,
      "sga": null,
      "fcf": -6771000,
      "ocf": -3787000,
      "capex": -2984000,
      "gross_margin": null,
      "op_margin": 0.16791935099021713,
      "fcf_margin": -0.03106932437641099,
      "incr_op_margin_yoy": -1.0435523114355232,
      "rev_growth_yoy": -0.018510011619423353,
      "rev_growth_yoy_accel": -0.1066187973333762,
      "fcf_margin_change": 0.41745611953221196
    },
    {
      "date": "2025-06-30T00:00:00",
      "quarter_label": "2025-06 (Q2)",
      "revenue": 210525000,
      "gross_profit": null,
      "operating_income": 45210000,
      "net_income": null,
      "opex": 165315000,
      "cogs": null,
      "rd": null,
      "sga": null,
      "fcf": 74207000,
      "ocf": 75757000,
      "capex": -1550000,
      "gross_margin": null,
      "op_margin": 0.21474884218026363,
      "fcf_margin": 0.35248545303408146,
      "incr_op_margin_yoy": -0.0725160545493903,
      "rev_growth_yoy": -0.06176465345122647,
      "rev_growth_yoy_accel": -0.043254641831803116,
      "fcf_margin_change": 0.38355477741049243
    },
    {
      "date": "2025-09-30T00:00:00",
      "quarter_label": "2025-09 (Q3)",
      "revenue": 216385000,
      "gross_profit": null,
      "operating_income": 47060000,
      "net_income": null,
      "opex": 169325000,
      "cogs": null,
      "rd": null,
      "sga": null,
      "fcf": 106863000,
      "ocf": 108275000,
      "capex": -1412000,
      "gross_margin": null,
      "op_margin": 0.21748272754580955,
      "fcf_margin": 0.49385585877024746,
      "incr_op_margin_yoy": 0.7701991732431417,
      "rev_growth_yoy": -0.04688387827105788,
      "rev_growth_yoy_accel": 0.014880775180168587,
      "op_leverage_ratio": 1.1475241358662482,
      "fcf_margin_change": 0.141370405736166
    }
  ],
  "signals": [
    {
      "quarter": "2025-09 (Q3)",
      "signal": "FCF MARGIN EXPANSION",
      "detail": "FCF margin: +35.2% -> +49.4% (+14.1%)",
      "severity": "MEDIUM"
    },
    {
      "quarter": "2025-09 (Q3)",
      "signal": "INCREMENTAL MARGIN (YoY)",
      "detail": "YoY Incr OPM: +77.0% vs year-ago OPM: +24.3%",
      "severity": "HIGH"
    },
    {
      "quarter": "2025-06 (Q2)",
      "signal": "FCF TURNED POSITIVE",
      "detail": "FCF margin: -3.1% -> +35.2%",
      "severity": "HIGH"
    },
    {
      "quarter": "2025-03 (Q1)",
      "signal": "FCF MARGIN EXPANSION",
      "detail": "FCF margin: -44.9% -> -3.1% (+41.7%)",
      "severity": "MEDIUM"
    },
    {
      "quarter": "2025-03 (Q1)",
      "signal": "YoY REVENUE GROWTH DECELERATION",
      "detail": "YoY growth: -1.9% vs prior quarter YoY: +8.8% (decel: -10.7%)",
      "severity": "WARNING"
    },
    {
      "quarter": "2024-12 (Q4)",
      "signal": "YoY REVENUE GROWTH ACCELERATION",
      "detail": "YoY growth: +8.8% vs prior quarter YoY: +3.5% (accel: +5.3%)",
      "severity": "MEDIUM"
    },
    {
      "quarter": "2024-12 (Q4)",
      "signal": "INCREMENTAL MARGIN (YoY)",
      "detail": "YoY Incr OPM: +62.2% vs year-ago OPM: +18.2%",
      "severity": "HIGH"
    },
    {
      "quarter": "2024-09 (Q3)",
      "signal": "INCREMENTAL MARGIN (YoY)",
      "detail": "YoY Incr OPM: +133.5% vs year-ago OPM: +20.5%",
      "severity": "HIGH"
    },
    {
      "quarter": "2024-06 (Q2)",
      "signal": "FCF TURNED POSITIVE",
      "detail": "FCF margin: -16.4% -> +30.6%",
      "severity": "HIGH"
    },
    {
      "quarter": "2024-06 (Q2)",
      "signal": "YoY REVENUE GROWTH DECELERATION",
      "detail": "YoY growth: +5.1% vs prior quarter YoY: +12.2% (decel: -7.1%)",
      "severity": "WARNING"
    },
    {
      "quarter": "2024-06 (Q2)",
      "signal": "INCREMENTAL MARGIN (YoY)",
      "detail": "YoY Incr OPM: +47.6% vs year-ago OPM: +18.3%",
      "severity": "HIGH"
    },
    {
      "quarter": "2023-12 (Q4)",
      "signal": "INCREMENTAL MARGIN (YoY)",
      "detail": "YoY Incr OPM: +47.7% vs year-ago OPM: +15.7%",
      "severity": "HIGH"
    },
    {
      "quarter": "2023-09 (Q3)",
      "signal": "YoY REVENUE GROWTH ACCELERATION",
      "detail": "YoY growth: +4.3% vs prior quarter YoY: -5.2% (accel: +9.5%)",
      "severity": "MEDIUM"
    },
    {
      "quarter": "2023-06 (Q2)",
      "signal": "FCF TURNED POSITIVE",
      "detail": "FCF margin: -22.4% -> +67.4%",
      "severity": "HIGH"
    },
    {
      "quarter": "2023-06 (Q2)",
      "signal": "OPERATING LEVERAGE",
      "detail": "Rev growth +7.9% vs OpEx growth +3.1% (leverage: 2.6x)",
      "severity": "MEDIUM"
    },
    {
      "quarter": "2023-06 (Q2)",
      "signal": "YoY REVENUE GROWTH ACCELERATION",
      "detail": "YoY growth: -5.2% vs prior quarter YoY: -21.6% (accel: +16.4%)",
      "severity": "HIGH"
    },
    {
      "quarter": "2023-06 (Q2)",
      "signal": "INCREMENTAL MARGIN (YoY)",
      "detail": "YoY Incr OPM: +149.7% vs year-ago OPM: +25.2%",
      "severity": "HIGH"
    },
    {
      "quarter": "2023-03 (Q1)",
      "signal": "INCREMENTAL MARGIN (YoY)",
      "detail": "YoY Incr OPM: +67.8% vs year-ago OPM: +26.0%",
      "severity": "HIGH"
    },
    {
      "quarter": "2022-12 (Q4)",
      "signal": "YoY REVENUE GROWTH DECELERATION",
      "detail": "YoY growth: -25.5% vs prior quarter YoY: -16.6% (decel: -8.9%)",
      "severity": "WARNING"
    },
    {
      "quarter": "2022-12 (Q4)",
      "signal": "INCREMENTAL MARGIN (YoY)",
      "detail": "YoY Incr OPM: +77.2% vs year-ago OPM: +31.4%",
      "severity": "HIGH"
    },
    {
      "quarter": "2022-09 (Q3)",
      "signal": "YoY REVENUE GROWTH DECELERATION",
      "detail": "YoY growth: -16.6% vs prior quarter YoY: -7.7% (decel: -8.9%)",
      "severity": "WARNING"
    },
    {
      "quarter": "2022-09 (Q3)",
      "signal": "INCREMENTAL MARGIN (YoY)",
      "detail": "YoY Incr OPM: +117.9% vs year-ago OPM: +37.0%",
      "severity": "HIGH"
    },
    {
      "quarter": "2022-06 (Q2)",
      "signal": "FCF TURNED POSITIVE",
      "detail": "FCF margin: -33.4% -> +52.2%",
      "severity": "HIGH"
    },
    {
      "quarter": "2022-06 (Q2)",
      "signal": "YoY REVENUE GROWTH DECELERATION",
      "detail": "YoY growth: -7.7% vs prior quarter YoY: +16.4% (decel: -24.1%)",
      "severity": "WARNING"
    },
    {
      "quarter": "2022-06 (Q2)",
      "signal": "INCREMENTAL MARGIN (YoY)",
      "detail": "YoY Incr OPM: +159.0% vs year-ago OPM: +35.4%",
      "severity": "HIGH"
    },
    {
      "quarter": "2022-03 (Q1)",
      "signal": "YoY REVENUE GROWTH DECELERATION",
      "detail": "YoY growth: +16.4% vs prior quarter YoY: +55.1% (decel: -38.7%)",
      "severity": "WARNING"
    },
    {
      "quarter": "2021-12 (Q4)",
      "signal": "FCF MARGIN EXPANSION",
      "detail": "FCF margin: +73.0% -> +90.5% (+17.5%)",
      "severity": "MEDIUM"
    },
    {
      "quarter": "2021-09 (Q3)",
      "signal": "FCF MARGIN EXPANSION",
      "detail": "FCF margin: +35.8% -> +73.0% (+37.2%)",
      "severity": "MEDIUM"
    },
    {
      "quarter": "2021-09 (Q3)",
      "signal": "OPERATING LEVERAGE",
      "detail": "Rev growth +3.3% vs OpEx growth +0.8% (leverage: 4.4x)",
      "severity": "MEDIUM"
    },
    {
      "quarter": "2021-06 (Q2)",
      "signal": "OPERATING LEVERAGE",
      "detail": "Rev growth +12.5% vs OpEx growth +1.8% (leverage: 6.8x)",
      "severity": "MEDIUM"
    }
  ],
  "data_quality": {
    "n_quarters": 20,
    "coverage": {
      "revenue": [
        20,
        20
      ],
      "gross_profit": [
        0,
        20
      ],
      "op_income": [
        20,
        20
      ],
      "fcf": [
        20,
        20
      ]
    },
    "gaps": [],
    "warnings": [
      "gross_profit: no data"
    ]
  },
  "market_cap": null,
  "source": "SEC EDGAR",
  "last_updated": "2026-02-02T21:56:59.360434"
}