{
  "ticker": "VSAT",
  "name": "VIASAT INC",
  "quarters": [
    {
      "date": "2020-12-31T00:00:00",
      "quarter_label": "2020-12 (Q4)",
      "revenue": 575559000,
      "gross_profit": null,
      "operating_income": 21760000,
      "net_income": null,
      "opex": null,
      "cogs": null,
      "rd": 28803000,
      "sga": 132394000,
      "fcf": -5522000,
      "ocf": 223852000,
      "capex": -229374000,
      "gross_margin": null,
      "op_margin": 0.03780672355049613,
      "fcf_margin": -0.009594151077474246
    },
    {
      "date": "2021-03-31T00:00:00",
      "quarter_label": "2021-03 (Q1)",
      "revenue": 595782000,
      "gross_profit": null,
      "operating_income": 29104000,
      "net_income": null,
      "opex": null,
      "cogs": null,
      "rd": 31822000,
      "sga": 133432000,
      "fcf": -1728000,
      "ocf": 169841000,
      "capex": -171569000,
      "gross_margin": null,
      "op_margin": 0.048850082748387834,
      "fcf_margin": -0.002900389739871295,
      "fcf_margin_change": 0.006693761337602951
    },
    {
      "date": "2021-06-30T00:00:00",
      "quarter_label": "2021-06 (Q2)",
      "revenue": 664860000,
      "gross_profit": null,
      "operating_income": 16292000,
      "net_income": null,
      "opex": null,
      "cogs": null,
      "rd": 34463000,
      "sga": 154200000,
      "fcf": -181035000,
      "ocf": 65129000,
      "capex": -246164000,
      "gross_margin": null,
      "op_margin": 0.02450440694281503,
      "fcf_margin": -0.2722904070029781,
      "fcf_margin_change": -0.2693900172631068
    },
    {
      "date": "2021-09-30T00:00:00",
      "quarter_label": "2021-09 (Q3)",
      "revenue": 701354000,
      "gross_profit": null,
      "operating_income": 8298000,
      "net_income": null,
      "opex": null,
      "cogs": null,
      "rd": 40530000,
      "sga": 156684000,
      "fcf": -39511000,
      "ocf": 162670000,
      "capex": -202181000,
      "gross_margin": null,
      "op_margin": 0.011831400405501359,
      "fcf_margin": -0.05633531711518006,
      "fcf_margin_change": 0.21595508988779802
    },
    {
      "date": "2021-12-31T00:00:00",
      "quarter_label": "2021-12 (Q4)",
      "revenue": 719717000,
      "gross_profit": null,
      "operating_income": 4527000,
      "net_income": null,
      "opex": null,
      "cogs": null,
      "rd": 37316000,
      "sga": 170222000,
      "fcf": -64283000,
      "ocf": 158579000,
      "capex": -222862000,
      "gross_margin": null,
      "op_margin": 0.00628997230856017,
      "fcf_margin": -0.0893170510075488,
      "incr_op_margin_yoy": -0.11954244648233188,
      "rev_growth_yoy": 0.25046606863935755,
      "fcf_margin_change": -0.03298173389236874
    },
    {
      "date": "2022-03-31T00:00:00",
      "quarter_label": "2022-03 (Q1)",
      "revenue": 701704000,
      "gross_profit": null,
      "operating_income": -20787000,
      "net_income": null,
      "opex": null,
      "cogs": null,
      "rd": 40894000,
      "sga": 176145000,
      "fcf": -147810000,
      "ocf": 119263000,
      "capex": -267073000,
      "gross_margin": null,
      "op_margin": -0.02962360197462178,
      "fcf_margin": -0.2106443742660723,
      "incr_op_margin_yoy": -0.4710164083004475,
      "rev_growth_yoy": 0.17778650580245794,
      "rev_growth_yoy_accel": -0.07267956283689961,
      "fcf_margin_change": -0.1213273232585235
    },
    {
      "date": "2022-06-30T00:00:00",
      "quarter_label": "2022-06 (Q2)",
      "revenue": 678223000,
      "gross_profit": null,
      "operating_income": -27062000,
      "net_income": -21564000,
      "opex": null,
      "cogs": null,
      "rd": 35763000,
      "sga": 179613000,
      "fcf": -231220000,
      "ocf": 39637000,
      "capex": -270857000,
      "gross_margin": null,
      "op_margin": -0.03990133038838258,
      "fcf_margin": -0.34092031676896833,
      "incr_op_margin_yoy": -3.2443313627179524,
      "rev_growth_yoy": 0.020098968203832387,
      "rev_growth_yoy_accel": -0.15768753759862555,
      "fcf_margin_change": -0.13027594250289604
    },
    {
      "date": "2022-09-30T00:00:00",
      "quarter_label": "2022-09 (Q3)",
      "revenue": 55800000,
      "gross_profit": null,
      "operating_income": 1144000,
      "net_income": -48240000,
      "opex": null,
      "cogs": null,
      "rd": 32416000,
      "sga": 177191000,
      "fcf": -95461000,
      "ocf": 188495000,
      "capex": -283956000,
      "gross_margin": null,
      "op_margin": 0.02050179211469534,
      "fcf_margin": -1.7107706093189965,
      "incr_op_margin_yoy": 0.011081954414347986,
      "rev_growth_yoy": -0.9204396068176698,
      "rev_growth_yoy_accel": -0.9405385750215022,
      "fcf_margin_change": -1.3698502925500282
    },
    {
      "date": "2022-12-31T00:00:00",
      "quarter_label": "2022-12 (Q4)",
      "revenue": 651444000,
      "gross_profit": null,
      "operating_income": -31311000,
      "net_income": -42228000,
      "opex": null,
      "cogs": null,
      "rd": 29444000,
      "sga": 162845000,
      "fcf": -138302000,
      "ocf": 89480000,
      "capex": -227782000,
      "gross_margin": null,
      "op_margin": -0.04806399322121318,
      "fcf_margin": -0.212300673580538,
      "incr_op_margin_yoy": 0.5249220043062411,
      "rev_growth_yoy": -0.09486089671356936,
      "rev_growth_yoy_accel": 0.8255787101041004,
      "fcf_margin_change": 1.4984699357384585
    },
    {
      "date": "2023-03-31T00:00:00",
      "quarter_label": "2023-03 (Q1)",
      "revenue": 666099000,
      "gross_profit": null,
      "operating_income": -72692000,
      "net_income": 1196838000,
      "opex": null,
      "cogs": null,
      "rd": 32298000,
      "sga": 206965000,
      "fcf": -244124000,
      "ocf": 50249000,
      "capex": -294373000,
      "gross_margin": null,
      "op_margin": -0.10913092498262271,
      "fcf_margin": -0.36649807310925253,
      "incr_op_margin_yoy": 1.4578008706642325,
      "rev_growth_yoy": -0.05074076818715584,
      "rev_growth_yoy_accel": 0.04412012852641352,
      "fcf_margin_change": -0.15419739952871453
    },
    {
      "date": "2023-06-30T00:00:00",
      "quarter_label": "2023-06 (Q2)",
      "revenue": 779791000,
      "gross_profit": null,
      "operating_income": -41516000,
      "net_income": -77004000,
      "opex": null,
      "cogs": null,
      "rd": 29004000,
      "sga": 219581000,
      "fcf": -271260000,
      "ocf": 103666000,
      "capex": -374926000,
      "gross_margin": null,
      "op_margin": -0.05323990659035562,
      "fcf_margin": -0.34786244006406847,
      "incr_op_margin_yoy": -0.1423086011342155,
      "rev_growth_yoy": 0.1497560536873565,
      "rev_growth_yoy_accel": 0.20049682187451234,
      "fcf_margin_change": 0.018635633045184063
    },
    {
      "date": "2023-09-30T00:00:00",
      "quarter_label": "2023-09 (Q3)",
      "revenue": 1225415000,
      "gross_profit": null,
      "operating_income": -804667000,
      "net_income": -767238000,
      "opex": null,
      "cogs": null,
      "rd": 33429000,
      "sga": 1148989000,
      "fcf": -146762000,
      "ocf": 218976000,
      "capex": -365738000,
      "gross_margin": null,
      "op_margin": -0.6566485639558843,
      "fcf_margin": -0.11976514078903881,
      "incr_op_margin_yoy": -0.6889540575317519,
      "rev_growth_yoy": 20.96084229390681,
      "rev_growth_yoy_accel": 20.811086240219456,
      "fcf_margin_change": 0.22809729927502964
    },
    {
      "date": "2023-12-31T00:00:00",
      "quarter_label": "2023-12 (Q4)",
      "revenue": 1128539000,
      "gross_profit": null,
      "operating_income": -43918000,
      "net_income": -124399000,
      "opex": null,
      "cogs": null,
      "rd": 41728000,
      "sga": 271734000,
      "fcf": 133568000,
      "ocf": 133568000,
      "capex": null,
      "gross_margin": null,
      "op_margin": -0.03891580175784798,
      "fcf_margin": 0.1183547932326663,
      "incr_op_margin_yoy": -0.02642450664961905,
      "rev_growth_yoy": 0.7323653299439399,
      "rev_growth_yoy_accel": -20.228476963962873,
      "fcf_margin_change": 0.23811993402170512
    },
    {
      "date": "2024-03-31T00:00:00",
      "quarter_label": "2024-03 (Q1)",
      "revenue": 1150013000,
      "gross_profit": null,
      "operating_income": 295000,
      "net_income": -100263000,
      "opex": null,
      "cogs": null,
      "rd": 46492000,
      "sga": 253346000,
      "fcf": 231986000,
      "ocf": 231986000,
      "capex": null,
      "gross_margin": null,
      "op_margin": 0.0002565188393522508,
      "fcf_margin": 0.20172467615583475,
      "incr_op_margin_yoy": 0.15082638650669333,
      "rev_growth_yoy": 0.7264896058994234,
      "rev_growth_yoy_accel": -0.005875724044516528,
      "fcf_margin_change": 0.08336988292316845
    },
    {
      "date": "2024-06-30T00:00:00",
      "quarter_label": "2024-06 (Q2)",
      "revenue": 1126460000,
      "gross_profit": null,
      "operating_income": 59735000,
      "net_income": -32912000,
      "opex": 1000510000,
      "cogs": null,
      "rd": 38563000,
      "sga": 251122000,
      "fcf": 151096000,
      "ocf": 151096000,
      "capex": null,
      "gross_margin": null,
      "op_margin": 0.05302895797453971,
      "fcf_margin": 0.13413348010581821,
      "incr_op_margin_yoy": 0.2920682264638603,
      "rev_growth_yoy": 0.4445665569364099,
      "rev_growth_yoy_accel": -0.28192304896301346,
      "fcf_margin_change": -0.06759119605001654
    },
    {
      "date": "2024-09-30T00:00:00",
      "quarter_label": "2024-09 (Q3)",
      "revenue": 1122262000,
      "gross_profit": null,
      "operating_income": -24678000,
      "net_income": -137584000,
      "opex": 1080916000,
      "cogs": null,
      "rd": 33390000,
      "sga": 272448000,
      "fcf": 239189000,
      "ocf": 239189000,
      "capex": null,
      "gross_margin": null,
      "op_margin": -0.021989517599277173,
      "fcf_margin": 0.2131311583213189,
      "incr_op_margin_yoy": -7.561476641493703,
      "rev_growth_yoy": -0.08417801316288767,
      "rev_growth_yoy_accel": -0.5287445700992975,
      "fcf_margin_change": 0.07899767821550069
    },
    {
      "date": "2024-12-31T00:00:00",
      "quarter_label": "2024-12 (Q4)",
      "revenue": 1123767000,
      "gross_profit": null,
      "operating_income": 21248000,
      "net_income": -158413000,
      "opex": null,
      "cogs": null,
      "rd": 36701000,
      "sga": 238024000,
      "fcf": 219459000,
      "ocf": 219459000,
      "capex": null,
      "gross_margin": null,
      "op_margin": 0.018907834097281733,
      "fcf_margin": 0.1952887030852481,
      "incr_op_margin_yoy": -13.65590947191953,
      "rev_growth_yoy": -0.004228475932156531,
      "rev_growth_yoy_accel": 0.07994953723073114,
      "fcf_margin_change": -0.01784245523607081
    },
    {
      "date": "2025-03-31T00:00:00",
      "quarter_label": "2025-03 (Q1)",
      "revenue": 1147082000,
      "gross_profit": null,
      "operating_income": -153785000,
      "net_income": -246053000,
      "opex": null,
      "cogs": null,
      "rd": 33740000,
      "sga": 419497000,
      "fcf": 298443000,
      "ocf": 298443000,
      "capex": null,
      "gross_margin": null,
      "op_margin": -0.13406626553289128,
      "fcf_margin": 0.2601758200372772,
      "incr_op_margin_yoy": 52.56908904810645,
      "rev_growth_yoy": -0.0025486668411574477,
      "rev_growth_yoy_accel": 0.0016798090909990837,
      "fcf_margin_change": 0.06488711695202909
    },
    {
      "date": "2025-06-30T00:00:00",
      "quarter_label": "2025-06 (Q2)",
      "revenue": 1171054000,
      "gross_profit": null,
      "operating_income": 46672000,
      "net_income": -56434000,
      "opex": 1058641000,
      "cogs": null,
      "rd": 34193000,
      "sga": 262832000,
      "fcf": 258460000,
      "ocf": 258460000,
      "capex": null,
      "gross_margin": null,
      "op_margin": 0.039854695001255276,
      "fcf_margin": 0.22070715782534367,
      "incr_op_margin_yoy": -0.29293178454500607,
      "rev_growth_yoy": 0.039587735028318805,
      "rev_growth_yoy_accel": 0.04213640186947625,
      "fcf_margin_change": -0.039468662211933514
    },
    {
      "date": "2025-09-30T00:00:00",
      "quarter_label": "2025-09 (Q3)",
      "revenue": 1140893000,
      "gross_profit": null,
      "operating_income": 35775000,
      "net_income": -61444000,
      "opex": 1040049000,
      "cogs": null,
      "rd": 42263000,
      "sga": 241785000,
      "fcf": 282242000,
      "ocf": 282242000,
      "capex": null,
      "gross_margin": null,
      "op_margin": 0.03135701595153972,
      "fcf_margin": 0.2473869153373717,
      "incr_op_margin_yoy": 3.2447533680425096,
      "rev_growth_yoy": 0.016601292746257112,
      "rev_growth_yoy_accel": -0.022986442282061693,
      "fcf_margin_change": 0.02667975751202803
    }
  ],
  "signals": [
    {
      "quarter": "2025-09 (Q3)",
      "signal": "OP MARGIN TURNED POSITIVE (YoY)",
      "detail": "Op margin: -2.2% (year-ago) -> +3.1%",
      "severity": "HIGH"
    },
    {
      "quarter": "2025-06 (Q2)",
      "signal": "OP MARGIN TURNED POSITIVE (QoQ)",
      "detail": "Op margin: -13.4% -> +4.0%",
      "severity": "HIGH"
    },
    {
      "quarter": "2025-03 (Q1)",
      "signal": "FCF MARGIN EXPANSION",
      "detail": "FCF margin: +19.5% -> +26.0% (+6.5%)",
      "severity": "MEDIUM"
    },
    {
      "quarter": "2024-12 (Q4)",
      "signal": "YoY REVENUE GROWTH ACCELERATION",
      "detail": "YoY growth: -0.4% vs prior quarter YoY: -8.4% (accel: +8.0%)",
      "severity": "MEDIUM"
    },
    {
      "quarter": "2024-12 (Q4)",
      "signal": "OP MARGIN TURNED POSITIVE (YoY)",
      "detail": "Op margin: -3.9% (year-ago) -> +1.9%",
      "severity": "HIGH"
    },
    {
      "quarter": "2024-12 (Q4)",
      "signal": "OP MARGIN TURNED POSITIVE (QoQ)",
      "detail": "Op margin: -2.2% -> +1.9%",
      "severity": "HIGH"
    },
    {
      "quarter": "2024-09 (Q3)",
      "signal": "FCF MARGIN EXPANSION",
      "detail": "FCF margin: +13.4% -> +21.3% (+7.9%)",
      "severity": "MEDIUM"
    },
    {
      "quarter": "2024-09 (Q3)",
      "signal": "YoY REVENUE GROWTH DECELERATION",
      "detail": "YoY growth: -8.4% vs prior quarter YoY: +44.5% (decel: -52.9%)",
      "severity": "WARNING"
    },
    {
      "quarter": "2024-06 (Q2)",
      "signal": "YoY REVENUE GROWTH DECELERATION",
      "detail": "YoY growth: +44.5% vs prior quarter YoY: +72.6% (decel: -28.2%)",
      "severity": "WARNING"
    },
    {
      "quarter": "2024-06 (Q2)",
      "signal": "OP MARGIN TURNED POSITIVE (YoY)",
      "detail": "Op margin: -5.3% (year-ago) -> +5.3%",
      "severity": "HIGH"
    },
    {
      "quarter": "2024-03 (Q1)",
      "signal": "FCF MARGIN EXPANSION",
      "detail": "FCF margin: +11.8% -> +20.2% (+8.3%)",
      "severity": "MEDIUM"
    },
    {
      "quarter": "2024-03 (Q1)",
      "signal": "OP MARGIN TURNED POSITIVE (YoY)",
      "detail": "Op margin: -10.9% (year-ago) -> +0.0%",
      "severity": "HIGH"
    },
    {
      "quarter": "2024-03 (Q1)",
      "signal": "OP MARGIN TURNED POSITIVE (QoQ)",
      "detail": "Op margin: -3.9% -> +0.0%",
      "severity": "HIGH"
    },
    {
      "quarter": "2023-12 (Q4)",
      "signal": "FCF TURNED POSITIVE",
      "detail": "FCF margin: -12.0% -> +11.8%",
      "severity": "HIGH"
    },
    {
      "quarter": "2023-12 (Q4)",
      "signal": "YoY REVENUE GROWTH DECELERATION",
      "detail": "YoY growth: +73.2% vs prior quarter YoY: +2096.1% (decel: -2022.8%)",
      "severity": "WARNING"
    },
    {
      "quarter": "2023-09 (Q3)",
      "signal": "FCF MARGIN EXPANSION",
      "detail": "FCF margin: -34.8% -> -12.0% (+22.8%)",
      "severity": "MEDIUM"
    },
    {
      "quarter": "2023-09 (Q3)",
      "signal": "YoY REVENUE GROWTH ACCELERATION",
      "detail": "YoY growth: +2096.1% vs prior quarter YoY: +15.0% (accel: +2081.1%)",
      "severity": "HIGH"
    },
    {
      "quarter": "2023-06 (Q2)",
      "signal": "YoY REVENUE GROWTH ACCELERATION",
      "detail": "YoY growth: +15.0% vs prior quarter YoY: -5.1% (accel: +20.0%)",
      "severity": "HIGH"
    },
    {
      "quarter": "2022-12 (Q4)",
      "signal": "FCF MARGIN EXPANSION",
      "detail": "FCF margin: -171.1% -> -21.2% (+149.8%)",
      "severity": "MEDIUM"
    },
    {
      "quarter": "2022-12 (Q4)",
      "signal": "YoY REVENUE GROWTH ACCELERATION",
      "detail": "YoY growth: -9.5% vs prior quarter YoY: -92.0% (accel: +82.6%)",
      "severity": "HIGH"
    },
    {
      "quarter": "2022-09 (Q3)",
      "signal": "YoY REVENUE GROWTH DECELERATION",
      "detail": "YoY growth: -92.0% vs prior quarter YoY: +2.0% (decel: -94.1%)",
      "severity": "WARNING"
    },
    {
      "quarter": "2022-09 (Q3)",
      "signal": "OP MARGIN TURNED POSITIVE (QoQ)",
      "detail": "Op margin: -4.0% -> +2.1%",
      "severity": "HIGH"
    },
    {
      "quarter": "2022-06 (Q2)",
      "signal": "YoY REVENUE GROWTH DECELERATION",
      "detail": "YoY growth: +2.0% vs prior quarter YoY: +17.8% (decel: -15.8%)",
      "severity": "WARNING"
    },
    {
      "quarter": "2022-03 (Q1)",
      "signal": "YoY REVENUE GROWTH DECELERATION",
      "detail": "YoY growth: +17.8% vs prior quarter YoY: +25.0% (decel: -7.3%)",
      "severity": "WARNING"
    },
    {
      "quarter": "2021-09 (Q3)",
      "signal": "FCF MARGIN EXPANSION",
      "detail": "FCF margin: -27.2% -> -5.6% (+21.6%)",
      "severity": "MEDIUM"
    }
  ],
  "data_quality": {
    "n_quarters": 20,
    "coverage": {
      "revenue": [
        20,
        20
      ],
      "gross_profit": [
        0,
        20
      ],
      "op_income": [
        20,
        20
      ],
      "fcf": [
        20,
        20
      ]
    },
    "gaps": [],
    "warnings": [
      "gross_profit: no data"
    ]
  },
  "market_cap": null,
  "source": "SEC EDGAR",
  "last_updated": "2026-02-02T20:55:54.135969"
}