{
  "ticker": "VSEC",
  "name": "VSE CORP",
  "quarters": [
    {
      "date": "2020-12-31T00:00:00",
      "quarter_label": "2020-12 (Q4)",
      "revenue": 150021000,
      "gross_profit": null,
      "operating_income": 11914000,
      "net_income": 6013000,
      "opex": null,
      "cogs": null,
      "rd": null,
      "sga": 692000,
      "fcf": -945000,
      "ocf": 526000,
      "capex": -1471000,
      "gross_margin": null,
      "op_margin": 0.07941554848987809,
      "fcf_margin": -0.006299118123462715
    },
    {
      "date": "2021-03-31T00:00:00",
      "quarter_label": "2021-03 (Q1)",
      "revenue": 164981000,
      "gross_profit": null,
      "operating_income": 9603000,
      "net_income": 5111000,
      "opex": null,
      "cogs": null,
      "rd": null,
      "sga": 38000,
      "fcf": -38476000,
      "ocf": -36367000,
      "capex": -2109000,
      "gross_margin": null,
      "op_margin": 0.05820670258999521,
      "fcf_margin": -0.23321473381783356,
      "fcf_margin_change": -0.22691561569437085
    },
    {
      "date": "2021-06-30T00:00:00",
      "quarter_label": "2021-06 (Q2)",
      "revenue": 175112000,
      "gross_profit": null,
      "operating_income": -12714000,
      "net_income": -12366000,
      "opex": null,
      "cogs": null,
      "rd": null,
      "sga": 1050000,
      "fcf": -20650000,
      "ocf": -17601000,
      "capex": -3049000,
      "gross_margin": null,
      "op_margin": -0.07260496139613505,
      "fcf_margin": -0.1179245283018868,
      "fcf_margin_change": 0.11529020551594676
    },
    {
      "date": "2021-09-30T00:00:00",
      "quarter_label": "2021-09 (Q3)",
      "revenue": 200582000,
      "gross_profit": null,
      "operating_income": 13892000,
      "net_income": 9021000,
      "opex": null,
      "cogs": null,
      "rd": null,
      "sga": 809000,
      "fcf": 20997000,
      "ocf": 23445000,
      "capex": -2448000,
      "gross_margin": null,
      "op_margin": 0.06925845788754724,
      "fcf_margin": 0.10468038009392668,
      "fcf_margin_change": 0.22260490839581348
    },
    {
      "date": "2021-12-31T00:00:00",
      "quarter_label": "2021-12 (Q4)",
      "revenue": 210178000,
      "gross_profit": null,
      "operating_income": 10739000,
      "net_income": 6200000,
      "opex": null,
      "cogs": null,
      "rd": null,
      "sga": 1728000,
      "fcf": 10007000,
      "ocf": 12921000,
      "capex": -2914000,
      "gross_margin": null,
      "op_margin": 0.05109478632397301,
      "fcf_margin": 0.047612024093863295,
      "incr_op_margin_yoy": -0.019532224013830476,
      "rev_growth_yoy": 0.4009905279927477,
      "fcf_margin_change": -0.05706835600006338
    },
    {
      "date": "2022-03-31T00:00:00",
      "quarter_label": "2022-03 (Q1)",
      "revenue": 231239000,
      "gross_profit": null,
      "operating_income": 11914000,
      "net_income": 6244000,
      "opex": null,
      "cogs": null,
      "rd": null,
      "sga": 906000,
      "fcf": -19443000,
      "ocf": -18174000,
      "capex": -1269000,
      "gross_margin": null,
      "op_margin": 0.05152245079765957,
      "fcf_margin": -0.08408183740631987,
      "incr_op_margin_yoy": 0.03487880708744604,
      "rev_growth_yoy": 0.4016098823500888,
      "rev_growth_yoy_accel": 0.0006193543573411175,
      "fcf_margin_change": -0.13169386150018317
    },
    {
      "date": "2022-06-30T00:00:00",
      "quarter_label": "2022-06 (Q2)",
      "revenue": 241713000,
      "gross_profit": null,
      "operating_income": 14151000,
      "net_income": 7548000,
      "opex": null,
      "cogs": null,
      "rd": null,
      "sga": 865000,
      "fcf": -3441000,
      "ocf": -1964000,
      "capex": -1477000,
      "gross_margin": null,
      "op_margin": 0.058544637648781817,
      "fcf_margin": -0.01423589132566308,
      "incr_op_margin_yoy": 0.40337232173691084,
      "rev_growth_yoy": 0.3803337292704098,
      "rev_growth_yoy_accel": -0.021276153079679005,
      "fcf_margin_change": 0.06984594608065679
    },
    {
      "date": "2022-09-30T00:00:00",
      "quarter_label": "2022-09 (Q3)",
      "revenue": 242487000,
      "gross_profit": null,
      "operating_income": 17272000,
      "net_income": 9419000,
      "opex": null,
      "cogs": null,
      "rd": null,
      "sga": 981000,
      "fcf": 11262000,
      "ocf": 15932000,
      "capex": -4670000,
      "gross_margin": null,
      "op_margin": 0.07122856070634714,
      "fcf_margin": 0.04644372688020389,
      "incr_op_margin_yoy": 0.08065863262140556,
      "rev_growth_yoy": 0.2089170513804828,
      "rev_growth_yoy_accel": -0.171416677889927,
      "fcf_margin_change": 0.06067961820586697
    },
    {
      "date": "2022-12-31T00:00:00",
      "quarter_label": "2022-12 (Q4)",
      "revenue": 234323000,
      "gross_profit": null,
      "operating_income": 11794000,
      "net_income": 4848000,
      "opex": null,
      "cogs": null,
      "rd": null,
      "sga": 2411000,
      "fcf": 8461000,
      "ocf": 12257000,
      "capex": -3796000,
      "gross_margin": null,
      "op_margin": 0.05033223371158614,
      "fcf_margin": 0.03610827788992118,
      "incr_op_margin_yoy": 0.04369434665562228,
      "rev_growth_yoy": 0.11487881700273102,
      "rev_growth_yoy_accel": -0.09403823437775179,
      "fcf_margin_change": -0.010335448990282707
    },
    {
      "date": "2023-03-31T00:00:00",
      "quarter_label": "2023-03 (Q1)",
      "revenue": 255433000,
      "gross_profit": null,
      "operating_income": 17933000,
      "net_income": 9117000,
      "opex": null,
      "cogs": null,
      "rd": null,
      "sga": 2098000,
      "fcf": -51514000,
      "ocf": -48674000,
      "capex": -2840000,
      "gross_margin": null,
      "op_margin": 0.07020627718423227,
      "fcf_margin": -0.20167323720897457,
      "incr_op_margin_yoy": 0.2487806894271307,
      "rev_growth_yoy": 0.10462767958692089,
      "rev_growth_yoy_accel": -0.01025113741581013,
      "fcf_margin_change": -0.23778151509889575
    },
    {
      "date": "2023-06-30T00:00:00",
      "quarter_label": "2023-06 (Q2)",
      "revenue": 205223000,
      "gross_profit": null,
      "operating_income": 20637000,
      "net_income": 8855000,
      "opex": null,
      "cogs": null,
      "rd": null,
      "sga": 1519000,
      "fcf": -19714000,
      "ocf": -16417000,
      "capex": -3297000,
      "gross_margin": null,
      "op_margin": 0.100558904216389,
      "fcf_margin": -0.09606135764509825,
      "incr_op_margin_yoy": -0.17774732803507812,
      "rev_growth_yoy": -0.1509641599748462,
      "rev_growth_yoy_accel": -0.25559183956176706,
      "fcf_margin_change": 0.10561187956387631
    },
    {
      "date": "2023-09-30T00:00:00",
      "quarter_label": "2023-09 (Q3)",
      "revenue": 231353000,
      "gross_profit": null,
      "operating_income": 25264000,
      "net_income": 9557000,
      "opex": null,
      "cogs": null,
      "rd": null,
      "sga": 2556000,
      "fcf": 10662000,
      "ocf": 15320000,
      "capex": -4658000,
      "gross_margin": null,
      "op_margin": 0.10920109097353395,
      "fcf_margin": 0.04608541925110113,
      "incr_op_margin_yoy": -0.7178013292617208,
      "rev_growth_yoy": -0.04591586353082846,
      "rev_growth_yoy_accel": 0.10504829644401772,
      "fcf_margin_change": 0.14214677689619937
    },
    {
      "date": "2023-12-31T00:00:00",
      "quarter_label": "2023-12 (Q4)",
      "revenue": 235325000,
      "gross_profit": null,
      "operating_income": 25319000,
      "net_income": 11605000,
      "opex": null,
      "cogs": null,
      "rd": null,
      "sga": 1498000,
      "fcf": 20071000,
      "ocf": 27942000,
      "capex": -7871000,
      "gross_margin": null,
      "op_margin": 0.10759162859874641,
      "fcf_margin": 0.08529055561457559,
      "incr_op_margin_yoy": 13.498003992015969,
      "rev_growth_yoy": 0.004276148734865976,
      "rev_growth_yoy_accel": 0.05019201226569443,
      "fcf_margin_change": 0.03920513636347446
    },
    {
      "date": "2024-03-31T00:00:00",
      "quarter_label": "2024-03 (Q1)",
      "revenue": 241539000,
      "gross_profit": null,
      "operating_income": 24174000,
      "net_income": -6611000,
      "opex": null,
      "cogs": null,
      "rd": null,
      "sga": 2999000,
      "fcf": -86789000,
      "ocf": -79060000,
      "capex": -7729000,
      "gross_margin": null,
      "op_margin": 0.10008321637499534,
      "fcf_margin": -0.3593167148990432,
      "incr_op_margin_yoy": -0.44918669929465954,
      "rev_growth_yoy": -0.054393911514956955,
      "rev_growth_yoy_accel": -0.05867006024982293,
      "fcf_margin_change": -0.4446072705136188
    },
    {
      "date": "2024-06-30T00:00:00",
      "quarter_label": "2024-06 (Q2)",
      "revenue": 265959000,
      "gross_profit": null,
      "operating_income": 6132000,
      "net_income": -2777000,
      "opex": null,
      "cogs": null,
      "rd": null,
      "sga": 4117000,
      "fcf": -21473000,
      "ocf": -17528000,
      "capex": -3945000,
      "gross_margin": null,
      "op_margin": 0.023056185351877544,
      "fcf_margin": -0.08073800849003042,
      "incr_op_margin_yoy": -0.238820468914647,
      "rev_growth_yoy": 0.29595123353620206,
      "rev_growth_yoy_accel": 0.350345145051159,
      "fcf_margin_change": 0.2785787064090128
    },
    {
      "date": "2024-09-30T00:00:00",
      "quarter_label": "2024-09 (Q3)",
      "revenue": 273613000,
      "gross_profit": null,
      "operating_income": 23698000,
      "net_income": 11650000,
      "opex": null,
      "cogs": null,
      "rd": null,
      "sga": 2605000,
      "fcf": 4411000,
      "ocf": 10176000,
      "capex": -5765000,
      "gross_margin": null,
      "op_margin": 0.08661138176914109,
      "fcf_margin": 0.016121310025473935,
      "incr_op_margin_yoy": -0.037056318031235214,
      "rev_growth_yoy": 0.18266458615189776,
      "rev_growth_yoy_accel": -0.1132866473843043,
      "fcf_margin_change": 0.09685931851550436
    },
    {
      "date": "2024-12-31T00:00:00",
      "quarter_label": "2024-12 (Q4)",
      "revenue": 299021000,
      "gross_profit": null,
      "operating_income": 27415000,
      "net_income": 13062000,
      "opex": null,
      "cogs": null,
      "rd": null,
      "sga": 4855000,
      "fcf": 52110000,
      "ocf": 55375000,
      "capex": -3265000,
      "gross_margin": null,
      "op_margin": 0.09168252396988841,
      "fcf_margin": 0.1742686968473786,
      "incr_op_margin_yoy": 0.032906304948505403,
      "rev_growth_yoy": 0.2706724742377563,
      "rev_growth_yoy_accel": 0.08800788808585855,
      "fcf_margin_change": 0.15814738682190468
    },
    {
      "date": "2025-03-31T00:00:00",
      "quarter_label": "2025-03 (Q1)",
      "revenue": 256045000,
      "gross_profit": null,
      "operating_income": 24504000,
      "net_income": -8973000,
      "opex": null,
      "cogs": null,
      "rd": null,
      "sga": 2311000,
      "fcf": -49507000,
      "ocf": -46632000,
      "capex": -2875000,
      "gross_margin": null,
      "op_margin": 0.095701927395575,
      "fcf_margin": -0.19335273096526,
      "incr_op_margin_yoy": 0.02274920722459672,
      "rev_growth_yoy": 0.060056554014051564,
      "rev_growth_yoy_accel": -0.21061592022370473,
      "fcf_margin_change": -0.3676214278126386
    },
    {
      "date": "2025-06-30T00:00:00",
      "quarter_label": "2025-06 (Q2)",
      "revenue": 272139000,
      "gross_profit": null,
      "operating_income": 22513000,
      "net_income": 3197000,
      "opex": null,
      "cogs": null,
      "rd": null,
      "sga": 8516000,
      "fcf": 6302000,
      "ocf": 11891000,
      "capex": -5589000,
      "gross_margin": null,
      "op_margin": 0.0827261068792051,
      "fcf_margin": 0.02315728359404569,
      "incr_op_margin_yoy": 2.6506472491909383,
      "rev_growth_yoy": 0.0232366642978805,
      "rev_growth_yoy_accel": -0.03681988971617106,
      "fcf_margin_change": 0.21651001455930569
    },
    {
      "date": "2025-09-30T00:00:00",
      "quarter_label": "2025-09 (Q3)",
      "revenue": 282909000,
      "gross_profit": null,
      "operating_income": 10087000,
      "net_income": 3912000,
      "opex": null,
      "cogs": null,
      "rd": null,
      "sga": 667000,
      "fcf": 18040000,
      "ocf": 24089000,
      "capex": -6049000,
      "gross_margin": null,
      "op_margin": 0.0356545744391306,
      "fcf_margin": 0.06376608732843424,
      "incr_op_margin_yoy": -1.4641781411359724,
      "rev_growth_yoy": 0.03397499387821485,
      "rev_growth_yoy_accel": 0.010738329580334351,
      "fcf_margin_change": 0.04060880373438855
    }
  ],
  "signals": [
    {
      "quarter": "2025-06 (Q2)",
      "signal": "FCF TURNED POSITIVE",
      "detail": "FCF margin: -19.3% -> +2.3%",
      "severity": "HIGH"
    },
    {
      "quarter": "2025-06 (Q2)",
      "signal": "INCREMENTAL MARGIN (YoY)",
      "detail": "YoY Incr OPM: +265.1% vs year-ago OPM: +2.3%",
      "severity": "HIGH"
    },
    {
      "quarter": "2025-03 (Q1)",
      "signal": "YoY REVENUE GROWTH DECELERATION",
      "detail": "YoY growth: +6.0% vs prior quarter YoY: +27.1% (decel: -21.1%)",
      "severity": "WARNING"
    },
    {
      "quarter": "2024-12 (Q4)",
      "signal": "FCF MARGIN EXPANSION",
      "detail": "FCF margin: +1.6% -> +17.4% (+15.8%)",
      "severity": "MEDIUM"
    },
    {
      "quarter": "2024-12 (Q4)",
      "signal": "YoY REVENUE GROWTH ACCELERATION",
      "detail": "YoY growth: +27.1% vs prior quarter YoY: +18.3% (accel: +8.8%)",
      "severity": "MEDIUM"
    },
    {
      "quarter": "2024-09 (Q3)",
      "signal": "FCF TURNED POSITIVE",
      "detail": "FCF margin: -8.1% -> +1.6%",
      "severity": "HIGH"
    },
    {
      "quarter": "2024-09 (Q3)",
      "signal": "YoY REVENUE GROWTH DECELERATION",
      "detail": "YoY growth: +18.3% vs prior quarter YoY: +29.6% (decel: -11.3%)",
      "severity": "WARNING"
    },
    {
      "quarter": "2024-06 (Q2)",
      "signal": "FCF MARGIN EXPANSION",
      "detail": "FCF margin: -35.9% -> -8.1% (+27.9%)",
      "severity": "MEDIUM"
    },
    {
      "quarter": "2024-06 (Q2)",
      "signal": "YoY REVENUE GROWTH ACCELERATION",
      "detail": "YoY growth: +29.6% vs prior quarter YoY: -5.4% (accel: +35.0%)",
      "severity": "HIGH"
    },
    {
      "quarter": "2024-03 (Q1)",
      "signal": "YoY REVENUE GROWTH DECELERATION",
      "detail": "YoY growth: -5.4% vs prior quarter YoY: +0.4% (decel: -5.9%)",
      "severity": "WARNING"
    },
    {
      "quarter": "2023-12 (Q4)",
      "signal": "YoY REVENUE GROWTH ACCELERATION",
      "detail": "YoY growth: +0.4% vs prior quarter YoY: -4.6% (accel: +5.0%)",
      "severity": "MEDIUM"
    },
    {
      "quarter": "2023-12 (Q4)",
      "signal": "INCREMENTAL MARGIN (YoY)",
      "detail": "YoY Incr OPM: +1349.8% vs year-ago OPM: +5.0%",
      "severity": "HIGH"
    },
    {
      "quarter": "2023-09 (Q3)",
      "signal": "FCF TURNED POSITIVE",
      "detail": "FCF margin: -9.6% -> +4.6%",
      "severity": "HIGH"
    },
    {
      "quarter": "2023-09 (Q3)",
      "signal": "YoY REVENUE GROWTH ACCELERATION",
      "detail": "YoY growth: -4.6% vs prior quarter YoY: -15.1% (accel: +10.5%)",
      "severity": "MEDIUM"
    },
    {
      "quarter": "2023-06 (Q2)",
      "signal": "FCF MARGIN EXPANSION",
      "detail": "FCF margin: -20.2% -> -9.6% (+10.6%)",
      "severity": "MEDIUM"
    },
    {
      "quarter": "2023-06 (Q2)",
      "signal": "YoY REVENUE GROWTH DECELERATION",
      "detail": "YoY growth: -15.1% vs prior quarter YoY: +10.5% (decel: -25.6%)",
      "severity": "WARNING"
    },
    {
      "quarter": "2023-03 (Q1)",
      "signal": "INCREMENTAL MARGIN (YoY)",
      "detail": "YoY Incr OPM: +24.9% vs year-ago OPM: +5.2%",
      "severity": "MEDIUM"
    },
    {
      "quarter": "2022-12 (Q4)",
      "signal": "YoY REVENUE GROWTH DECELERATION",
      "detail": "YoY growth: +11.5% vs prior quarter YoY: +20.9% (decel: -9.4%)",
      "severity": "WARNING"
    },
    {
      "quarter": "2022-09 (Q3)",
      "signal": "FCF TURNED POSITIVE",
      "detail": "FCF margin: -1.4% -> +4.6%",
      "severity": "HIGH"
    },
    {
      "quarter": "2022-09 (Q3)",
      "signal": "YoY REVENUE GROWTH DECELERATION",
      "detail": "YoY growth: +20.9% vs prior quarter YoY: +38.0% (decel: -17.1%)",
      "severity": "WARNING"
    },
    {
      "quarter": "2022-06 (Q2)",
      "signal": "FCF MARGIN EXPANSION",
      "detail": "FCF margin: -8.4% -> -1.4% (+7.0%)",
      "severity": "MEDIUM"
    },
    {
      "quarter": "2022-06 (Q2)",
      "signal": "OP MARGIN TURNED POSITIVE (YoY)",
      "detail": "Op margin: -7.3% (year-ago) -> +5.9%",
      "severity": "HIGH"
    },
    {
      "quarter": "2021-09 (Q3)",
      "signal": "FCF TURNED POSITIVE",
      "detail": "FCF margin: -11.8% -> +10.5%",
      "severity": "HIGH"
    },
    {
      "quarter": "2021-09 (Q3)",
      "signal": "OP MARGIN TURNED POSITIVE (QoQ)",
      "detail": "Op margin: -7.3% -> +6.9%",
      "severity": "HIGH"
    },
    {
      "quarter": "2021-06 (Q2)",
      "signal": "FCF MARGIN EXPANSION",
      "detail": "FCF margin: -23.3% -> -11.8% (+11.5%)",
      "severity": "MEDIUM"
    }
  ],
  "data_quality": {
    "n_quarters": 20,
    "coverage": {
      "revenue": [
        20,
        20
      ],
      "gross_profit": [
        0,
        20
      ],
      "op_income": [
        20,
        20
      ],
      "fcf": [
        20,
        20
      ]
    },
    "gaps": [],
    "warnings": [
      "gross_profit: no data"
    ]
  },
  "market_cap": null,
  "source": "SEC EDGAR",
  "last_updated": "2026-02-02T21:04:26.662103"
}