{
  "ticker": "VSH",
  "name": "Vishay Intertechnology, Inc.",
  "quarters": [
    {
      "date": "2020-12-31T00:00:00",
      "quarter_label": "2020-12 (Q4)",
      "revenue": 667180000,
      "gross_profit": 152284000,
      "operating_income": 60012000,
      "net_income": 37567000,
      "opex": 92272000,
      "cogs": null,
      "rd": null,
      "sga": 92272000,
      "fcf": 125699000,
      "ocf": 125699000,
      "capex": null,
      "gross_margin": 0.22825024730957164,
      "op_margin": 0.08994873947060764,
      "fcf_margin": 0.18840342935939328
    },
    {
      "date": "2021-04-03T00:00:00",
      "quarter_label": "2021-04 (Q2)",
      "revenue": 764632000,
      "gross_profit": 202949000,
      "operating_income": 97264000,
      "net_income": 71435000,
      "opex": 105685000,
      "cogs": null,
      "rd": null,
      "sga": 105685000,
      "fcf": 57322000,
      "ocf": 57322000,
      "capex": null,
      "gross_margin": 0.2654204898565585,
      "op_margin": 0.12720367444731584,
      "fcf_margin": 0.07496678140595738,
      "op_leverage_ratio": 1.0048280430867607,
      "fcf_margin_change": -0.1134366479534359
    },
    {
      "date": "2021-07-03T00:00:00",
      "quarter_label": "2021-07 (Q3)",
      "revenue": 819120000,
      "gross_profit": 229272000,
      "operating_income": 125372000,
      "net_income": 93192000,
      "opex": 103900000,
      "cogs": null,
      "rd": null,
      "sga": 103900000,
      "fcf": 117461000,
      "ocf": 117461000,
      "capex": null,
      "gross_margin": 0.27990038089657193,
      "op_margin": 0.15305693915421428,
      "fcf_margin": 0.1433990135755445,
      "op_leverage_ratio": Infinity,
      "fcf_margin_change": 0.06843223216958712
    },
    {
      "date": "2021-10-02T00:00:00",
      "quarter_label": "2021-10 (Q4)",
      "revenue": 813663000,
      "gross_profit": 225736000,
      "operating_income": 123521000,
      "net_income": 96820000,
      "opex": 102215000,
      "cogs": null,
      "rd": null,
      "sga": 102215000,
      "fcf": 135669000,
      "ocf": 135669000,
      "capex": null,
      "gross_margin": 0.27743181145019497,
      "op_margin": 0.15180854973127694,
      "fcf_margin": 0.16673856375428156,
      "fcf_margin_change": 0.023339550178737067
    },
    {
      "date": "2021-12-31T00:00:00",
      "quarter_label": "2021-12 (Q4)",
      "revenue": 843072000,
      "gross_profit": 229956000,
      "operating_income": 121645000,
      "net_income": 36523000,
      "opex": 108311000,
      "cogs": null,
      "rd": null,
      "sga": 108311000,
      "fcf": 146652000,
      "ocf": 146652000,
      "capex": null,
      "gross_margin": 0.27275962195399683,
      "op_margin": 0.14428779511121234,
      "fcf_margin": 0.17394955590981553,
      "incr_op_margin_yoy": 0.3504025197280149,
      "rev_growth_yoy": 0.26363500104919213,
      "op_leverage_ratio": 0.6060456863339337,
      "fcf_margin_change": 0.007210992155533974
    },
    {
      "date": "2022-04-02T00:00:00",
      "quarter_label": "2022-04 (Q2)",
      "revenue": 853793000,
      "gross_profit": 259108000,
      "operating_income": 146253000,
      "net_income": 103573000,
      "opex": 112855000,
      "cogs": null,
      "rd": null,
      "sga": 112855000,
      "fcf": 33585000,
      "ocf": 33585000,
      "capex": null,
      "gross_margin": 0.30347871205315574,
      "op_margin": 0.17129796098117459,
      "fcf_margin": 0.039336232552855316,
      "incr_op_margin_yoy": 0.5494442637476027,
      "rev_growth_yoy": 0.11660641982025341,
      "rev_growth_yoy_accel": -0.14702858122893872,
      "op_leverage_ratio": 0.3031132164571947,
      "fcf_margin_change": -0.13461332335696022
    },
    {
      "date": "2022-07-02T00:00:00",
      "quarter_label": "2022-07 (Q3)",
      "revenue": 863512000,
      "gross_profit": 261223000,
      "operating_income": 150823000,
      "net_income": 112388000,
      "opex": 110400000,
      "cogs": null,
      "rd": null,
      "sga": 110400000,
      "fcf": 74727000,
      "ocf": 74727000,
      "capex": null,
      "gross_margin": 0.3025122986131055,
      "op_margin": 0.17466230926727133,
      "fcf_margin": 0.08653846153846154,
      "incr_op_margin_yoy": 0.5733240223463687,
      "rev_growth_yoy": 0.05419474558062311,
      "rev_growth_yoy_accel": -0.0624116742396303,
      "op_leverage_ratio": Infinity,
      "fcf_margin_change": 0.04720222898560622
    },
    {
      "date": "2022-10-01T00:00:00",
      "quarter_label": "2022-10 (Q4)",
      "revenue": 924798000,
      "gross_profit": 289538000,
      "operating_income": 183102000,
      "net_income": 140061000,
      "opex": 106436000,
      "cogs": null,
      "rd": null,
      "sga": 106436000,
      "fcf": 209480000,
      "ocf": 209480000,
      "capex": null,
      "gross_margin": 0.3130824244862121,
      "op_margin": 0.19799134513699207,
      "fcf_margin": 0.22651433069708196,
      "incr_op_margin_yoy": 0.5361137355468574,
      "rev_growth_yoy": 0.13658603131763397,
      "rev_growth_yoy_accel": 0.08239128573701086,
      "op_leverage_ratio": Infinity,
      "fcf_margin_change": 0.13997586915862043
    },
    {
      "date": "2022-12-31T00:00:00",
      "quarter_label": "2022-12 (Q4)",
      "revenue": 855298000,
      "gross_profit": 249120000,
      "operating_income": 135308000,
      "net_income": 72788000,
      "opex": 113812000,
      "cogs": null,
      "rd": null,
      "sga": 113812000,
      "fcf": 166496000,
      "ocf": 166496000,
      "capex": null,
      "gross_margin": 0.291266903465225,
      "op_margin": 0.1581998321053013,
      "fcf_margin": 0.19466431582910285,
      "incr_op_margin_yoy": 1.1175363978406674,
      "rev_growth_yoy": 0.014501727017384043,
      "rev_growth_yoy_accel": -0.12208430430024993,
      "fcf_margin_change": -0.031850014867979115
    },
    {
      "date": "2023-04-01T00:00:00",
      "quarter_label": "2023-04 (Q2)",
      "revenue": 871046000,
      "gross_profit": 278713000,
      "operating_income": 158568000,
      "net_income": 111781000,
      "opex": 120145000,
      "cogs": null,
      "rd": null,
      "sga": 120145000,
      "fcf": 129893000,
      "ocf": 129893000,
      "capex": null,
      "gross_margin": 0.31997506446272644,
      "op_margin": 0.182043198637041,
      "fcf_margin": 0.14912300842894635,
      "incr_op_margin_yoy": 0.7137889062771692,
      "rev_growth_yoy": 0.020207474176996063,
      "rev_growth_yoy_accel": 0.00570574715961202,
      "op_leverage_ratio": 0.3308921900799113,
      "fcf_margin_change": -0.045541307400156494
    },
    {
      "date": "2023-07-01T00:00:00",
      "quarter_label": "2023-07 (Q3)",
      "revenue": 892110000,
      "gross_profit": 257473000,
      "operating_income": 134616000,
      "net_income": 95038000,
      "opex": 122857000,
      "cogs": null,
      "rd": null,
      "sga": 122857000,
      "fcf": 107239000,
      "ocf": 107239000,
      "capex": null,
      "gross_margin": 0.2886112699106612,
      "op_margin": 0.15089618993173487,
      "fcf_margin": 0.12020827028057078,
      "incr_op_margin_yoy": -0.566717952304357,
      "rev_growth_yoy": 0.033118242711160935,
      "rev_growth_yoy_accel": 0.012910768534164872,
      "op_leverage_ratio": 1.0713115124455155,
      "fcf_margin_change": -0.02891473814837557
    },
    {
      "date": "2023-09-30T00:00:00",
      "quarter_label": "2023-09 (Q3)",
      "revenue": 853653000,
      "gross_profit": 237643000,
      "operating_income": 115130000,
      "net_income": 65529000,
      "opex": 122513000,
      "cogs": null,
      "rd": null,
      "sga": 122513000,
      "fcf": 122303000,
      "ocf": 122303000,
      "capex": null,
      "gross_margin": 0.2783836055165272,
      "op_margin": 0.13486744614029353,
      "fcf_margin": 0.1432701577807376,
      "incr_op_margin_yoy": 0.9554009417387026,
      "rev_growth_yoy": -0.07693031343060863,
      "rev_growth_yoy_accel": -0.11004855614176956,
      "fcf_margin_change": 0.023061887500166814
    },
    {
      "date": "2023-12-31T00:00:00",
      "quarter_label": "2023-12 (Q4)",
      "revenue": 785236000,
      "gross_profit": 200664000,
      "operating_income": 77830000,
      "net_income": 51472000,
      "opex": 122834000,
      "cogs": null,
      "rd": null,
      "sga": 122834000,
      "fcf": 6268000,
      "ocf": 6268000,
      "capex": null,
      "gross_margin": 0.25554610333708594,
      "op_margin": 0.09911669867402921,
      "fcf_margin": 0.00798231359744077,
      "incr_op_margin_yoy": 0.8203876566469698,
      "rev_growth_yoy": -0.081915309050179,
      "rev_growth_yoy_accel": -0.004984995619570373,
      "fcf_margin_change": -0.1352878441832968
    },
    {
      "date": "2024-03-30T00:00:00",
      "quarter_label": "2024-03 (Q1)",
      "revenue": 746279000,
      "gross_profit": 170407000,
      "operating_income": 42671000,
      "net_income": 30924000,
      "opex": 127736000,
      "cogs": 575872000,
      "rd": null,
      "sga": 127736000,
      "fcf": 80211000,
      "ocf": 80211000,
      "capex": null,
      "gross_margin": 0.22834221517689765,
      "op_margin": 0.057178347508103536,
      "fcf_margin": 0.1074812503098707,
      "incr_op_margin_yoy": 0.9289074835493359,
      "rev_growth_yoy": -0.14323812978878267,
      "rev_growth_yoy_accel": -0.061322820738603664,
      "fcf_margin_change": 0.09949893671242993
    },
    {
      "date": "2024-06-29T00:00:00",
      "quarter_label": "2024-06 (Q2)",
      "revenue": 741239000,
      "gross_profit": 162870000,
      "operating_income": 37917000,
      "net_income": 23533000,
      "opex": 124953000,
      "cogs": 578369000,
      "rd": null,
      "sga": 124953000,
      "fcf": -24730000,
      "ocf": -24730000,
      "capex": null,
      "gross_margin": 0.21972670083468354,
      "op_margin": 0.051153541570262764,
      "fcf_margin": -0.0333630583388084,
      "incr_op_margin_yoy": 0.6409382850249551,
      "rev_growth_yoy": -0.16911703713667597,
      "rev_growth_yoy_accel": -0.025878907347893304,
      "fcf_margin_change": -0.14084430864867908
    },
    {
      "date": "2024-09-28T00:00:00",
      "quarter_label": "2024-09 (Q3)",
      "revenue": 735353000,
      "gross_profit": 150883000,
      "operating_income": -18276000,
      "net_income": -19299000,
      "opex": 169159000,
      "cogs": 584470000,
      "rd": null,
      "sga": 128545000,
      "fcf": 50565000,
      "ocf": 50565000,
      "capex": null,
      "gross_margin": 0.20518444882933776,
      "op_margin": -0.02485336974215105,
      "fcf_margin": 0.06876289346749112,
      "incr_op_margin_yoy": 1.1276923076923078,
      "rev_growth_yoy": -0.13858089879611504,
      "rev_growth_yoy_accel": 0.03053613834056093,
      "fcf_margin_change": 0.10212595180629952
    },
    {
      "date": "2024-12-31T00:00:00",
      "quarter_label": "2024-12 (Q4)",
      "revenue": 714716000,
      "gross_profit": 142132000,
      "operating_income": -56685000,
      "net_income": -66308000,
      "opex": 198817000,
      "cogs": 572584000,
      "rd": null,
      "sga": 132330000,
      "fcf": 67656000,
      "ocf": 67656000,
      "capex": null,
      "gross_margin": 0.198865003721758,
      "op_margin": -0.0793112229193134,
      "fcf_margin": 0.09466137598710536,
      "incr_op_margin_yoy": 1.9074730572887124,
      "rev_growth_yoy": -0.08980739548365077,
      "rev_growth_yoy_accel": 0.04877350331246427,
      "fcf_margin_change": 0.02589848251961424
    },
    {
      "date": "2025-03-29T00:00:00",
      "quarter_label": "2025-03 (Q1)",
      "revenue": 715236000,
      "gross_profit": 135554000,
      "operating_income": 815000,
      "net_income": -4092000,
      "opex": 134739000,
      "cogs": 579682000,
      "rd": null,
      "sga": 134739000,
      "fcf": 16098000,
      "ocf": 16098000,
      "capex": null,
      "gross_margin": 0.18952345799148812,
      "op_margin": 0.0011394840304458948,
      "fcf_margin": 0.02250725634615707,
      "incr_op_margin_yoy": 1.3483232934961182,
      "rev_growth_yoy": -0.04159704346497758,
      "rev_growth_yoy_accel": 0.04821035201867319,
      "fcf_margin_change": -0.07215411964094828
    },
    {
      "date": "2025-06-28T00:00:00",
      "quarter_label": "2025-06 (Q2)",
      "revenue": 762250000,
      "gross_profit": 148683000,
      "operating_income": 22118000,
      "net_income": 2004000,
      "opex": 126565000,
      "cogs": 613567000,
      "rd": null,
      "sga": 126565000,
      "fcf": -8791000,
      "ocf": -8791000,
      "capex": null,
      "gross_margin": 0.19505805182026895,
      "op_margin": 0.029016726795670713,
      "fcf_margin": -0.011532961626762874,
      "incr_op_margin_yoy": -0.7519394602827091,
      "rev_growth_yoy": 0.028345783208924516,
      "rev_growth_yoy_accel": 0.06994282667390209,
      "op_leverage_ratio": Infinity,
      "fcf_margin_change": -0.034040217972919944
    },
    {
      "date": "2025-09-27T00:00:00",
      "quarter_label": "2025-09 (Q3)",
      "revenue": 790640000,
      "gross_profit": 153859000,
      "operating_income": 19147000,
      "net_income": -7876000,
      "opex": 134712000,
      "cogs": 636781000,
      "rd": null,
      "sga": 134712000,
      "fcf": 27639000,
      "ocf": 27639000,
      "capex": null,
      "gross_margin": 0.19460057674795103,
      "op_margin": 0.02421708995244359,
      "fcf_margin": 0.03495775574218355,
      "incr_op_margin_yoy": 0.6768860672490821,
      "rev_growth_yoy": 0.07518429924131675,
      "rev_growth_yoy_accel": 0.04683851603239224,
      "op_leverage_ratio": 0.578607244071234,
      "fcf_margin_change": 0.04649071736894642
    }
  ],
  "signals": [
    {
      "quarter": "2025-09 (Q3)",
      "signal": "FCF TURNED POSITIVE",
      "detail": "FCF margin: -1.2% -> +3.5%",
      "severity": "HIGH"
    },
    {
      "quarter": "2025-09 (Q3)",
      "signal": "OP MARGIN TURNED POSITIVE (YoY)",
      "detail": "Op margin: -2.5% (year-ago) -> +2.4%",
      "severity": "HIGH"
    },
    {
      "quarter": "2025-06 (Q2)",
      "signal": "YoY REVENUE GROWTH ACCELERATION",
      "detail": "YoY growth: +2.8% vs prior quarter YoY: -4.2% (accel: +7.0%)",
      "severity": "MEDIUM"
    },
    {
      "quarter": "2025-03 (Q1)",
      "signal": "INCREMENTAL MARGIN (YoY)",
      "detail": "YoY Incr OPM: +134.8% vs year-ago OPM: +5.7%",
      "severity": "HIGH"
    },
    {
      "quarter": "2025-03 (Q1)",
      "signal": "OP MARGIN TURNED POSITIVE (QoQ)",
      "detail": "Op margin: -7.9% -> +0.1%",
      "severity": "HIGH"
    },
    {
      "quarter": "2024-09 (Q3)",
      "signal": "FCF TURNED POSITIVE",
      "detail": "FCF margin: -3.3% -> +6.9%",
      "severity": "HIGH"
    },
    {
      "quarter": "2024-06 (Q2)",
      "signal": "INCREMENTAL MARGIN (YoY)",
      "detail": "YoY Incr OPM: +64.1% vs year-ago OPM: +15.1%",
      "severity": "HIGH"
    },
    {
      "quarter": "2024-03 (Q1)",
      "signal": "FCF MARGIN EXPANSION",
      "detail": "FCF margin: +0.8% -> +10.7% (+9.9%)",
      "severity": "MEDIUM"
    },
    {
      "quarter": "2024-03 (Q1)",
      "signal": "YoY REVENUE GROWTH DECELERATION",
      "detail": "YoY growth: -14.3% vs prior quarter YoY: -8.2% (decel: -6.1%)",
      "severity": "WARNING"
    },
    {
      "quarter": "2024-03 (Q1)",
      "signal": "INCREMENTAL MARGIN (YoY)",
      "detail": "YoY Incr OPM: +92.9% vs year-ago OPM: +18.2%",
      "severity": "HIGH"
    },
    {
      "quarter": "2023-12 (Q4)",
      "signal": "INCREMENTAL MARGIN (YoY)",
      "detail": "YoY Incr OPM: +82.0% vs year-ago OPM: +15.8%",
      "severity": "HIGH"
    },
    {
      "quarter": "2023-09 (Q3)",
      "signal": "YoY REVENUE GROWTH DECELERATION",
      "detail": "YoY growth: -7.7% vs prior quarter YoY: +3.3% (decel: -11.0%)",
      "severity": "WARNING"
    },
    {
      "quarter": "2023-09 (Q3)",
      "signal": "INCREMENTAL MARGIN (YoY)",
      "detail": "YoY Incr OPM: +95.5% vs year-ago OPM: +19.8%",
      "severity": "HIGH"
    },
    {
      "quarter": "2023-04 (Q2)",
      "signal": "GROSS MARGIN INFLECTION",
      "detail": "GM: +31.3% -> +29.1% -> +32.0% (reversal +2.9%)",
      "severity": "MEDIUM"
    },
    {
      "quarter": "2023-04 (Q2)",
      "signal": "INCREMENTAL MARGIN (YoY)",
      "detail": "YoY Incr OPM: +71.4% vs year-ago OPM: +17.1%",
      "severity": "HIGH"
    },
    {
      "quarter": "2022-12 (Q4)",
      "signal": "YoY REVENUE GROWTH DECELERATION",
      "detail": "YoY growth: +1.5% vs prior quarter YoY: +13.7% (decel: -12.2%)",
      "severity": "WARNING"
    },
    {
      "quarter": "2022-12 (Q4)",
      "signal": "INCREMENTAL MARGIN (YoY)",
      "detail": "YoY Incr OPM: +111.8% vs year-ago OPM: +14.4%",
      "severity": "HIGH"
    },
    {
      "quarter": "2022-10 (Q4)",
      "signal": "FCF MARGIN EXPANSION",
      "detail": "FCF margin: +8.7% -> +22.7% (+14.0%)",
      "severity": "MEDIUM"
    },
    {
      "quarter": "2022-10 (Q4)",
      "signal": "YoY REVENUE GROWTH ACCELERATION",
      "detail": "YoY growth: +13.7% vs prior quarter YoY: +5.4% (accel: +8.2%)",
      "severity": "MEDIUM"
    },
    {
      "quarter": "2022-10 (Q4)",
      "signal": "INCREMENTAL MARGIN (YoY)",
      "detail": "YoY Incr OPM: +53.6% vs year-ago OPM: +15.2%",
      "severity": "HIGH"
    },
    {
      "quarter": "2022-07 (Q3)",
      "signal": "YoY REVENUE GROWTH DECELERATION",
      "detail": "YoY growth: +5.4% vs prior quarter YoY: +11.7% (decel: -6.2%)",
      "severity": "WARNING"
    },
    {
      "quarter": "2022-07 (Q3)",
      "signal": "INCREMENTAL MARGIN (YoY)",
      "detail": "YoY Incr OPM: +57.3% vs year-ago OPM: +15.3%",
      "severity": "HIGH"
    },
    {
      "quarter": "2022-04 (Q2)",
      "signal": "GROSS MARGIN INFLECTION",
      "detail": "GM: +27.7% -> +27.3% -> +30.3% (reversal +3.1%)",
      "severity": "MEDIUM"
    },
    {
      "quarter": "2022-04 (Q2)",
      "signal": "YoY REVENUE GROWTH DECELERATION",
      "detail": "YoY growth: +11.7% vs prior quarter YoY: +26.4% (decel: -14.7%)",
      "severity": "WARNING"
    },
    {
      "quarter": "2022-04 (Q2)",
      "signal": "INCREMENTAL MARGIN (YoY)",
      "detail": "YoY Incr OPM: +54.9% vs year-ago OPM: +12.7%",
      "severity": "HIGH"
    },
    {
      "quarter": "2021-12 (Q4)",
      "signal": "INCREMENTAL MARGIN (YoY)",
      "detail": "YoY Incr OPM: +35.0% vs year-ago OPM: +9.0%",
      "severity": "HIGH"
    },
    {
      "quarter": "2021-07 (Q3)",
      "signal": "FCF MARGIN EXPANSION",
      "detail": "FCF margin: +7.5% -> +14.3% (+6.8%)",
      "severity": "MEDIUM"
    }
  ],
  "data_quality": {
    "n_quarters": 20,
    "coverage": {
      "revenue": [
        20,
        20
      ],
      "gross_profit": [
        20,
        20
      ],
      "op_income": [
        20,
        20
      ],
      "fcf": [
        20,
        20
      ]
    },
    "gaps": [],
    "warnings": []
  },
  "market_cap": null,
  "source": "SEC EDGAR",
  "last_updated": "2026-02-02T21:29:18.265474"
}