{
  "ticker": "VST",
  "name": "VISTRA CORP.",
  "quarters": [
    {
      "date": "2020-12-31T00:00:00",
      "quarter_label": "2020-12 (Q4)",
      "revenue": 2524000000,
      "gross_profit": null,
      "operating_income": 76000000,
      "net_income": -29000000,
      "opex": null,
      "cogs": null,
      "rd": null,
      "sga": 280000000,
      "fcf": 566000000,
      "ocf": 987000000,
      "capex": -421000000,
      "gross_margin": null,
      "op_margin": 0.030110935023771792,
      "fcf_margin": 0.22424722662440572
    },
    {
      "date": "2021-03-31T00:00:00",
      "quarter_label": "2021-03 (Q1)",
      "revenue": 3207000000,
      "gross_profit": null,
      "operating_income": -2583000000,
      "net_income": -2043000000,
      "opex": null,
      "cogs": null,
      "rd": null,
      "sga": 251000000,
      "fcf": -1845000000,
      "ocf": -1653000000,
      "capex": -192000000,
      "gross_margin": null,
      "op_margin": -0.8054256314312441,
      "fcf_margin": -0.5753040224508886,
      "fcf_margin_change": -0.7995512490752943
    },
    {
      "date": "2021-06-30T00:00:00",
      "quarter_label": "2021-06 (Q2)",
      "revenue": 2565000000,
      "gross_profit": null,
      "operating_income": 62000000,
      "net_income": 36000000,
      "opex": null,
      "cogs": null,
      "rd": null,
      "sga": 252000000,
      "fcf": 242000000,
      "ocf": 596000000,
      "capex": -354000000,
      "gross_margin": null,
      "op_margin": 0.024171539961013646,
      "fcf_margin": 0.09434697855750487,
      "fcf_margin_change": 0.6696510010083935
    },
    {
      "date": "2021-09-30T00:00:00",
      "quarter_label": "2021-09 (Q3)",
      "revenue": 2991000000,
      "gross_profit": null,
      "operating_income": 119000000,
      "net_income": 7000000,
      "opex": null,
      "cogs": null,
      "rd": null,
      "sga": 269000000,
      "fcf": 320000000,
      "ocf": 564000000,
      "capex": -244000000,
      "gross_margin": null,
      "op_margin": 0.03978602474088933,
      "fcf_margin": 0.10698762955533267,
      "fcf_margin_change": 0.012640650997827796
    },
    {
      "date": "2021-12-31T00:00:00",
      "quarter_label": "2021-12 (Q4)",
      "revenue": 3314000000,
      "gross_profit": null,
      "operating_income": 886000000,
      "net_income": 726000000,
      "opex": null,
      "cogs": null,
      "rd": null,
      "sga": 269000000,
      "fcf": 44000000,
      "ocf": 287000000,
      "capex": -243000000,
      "gross_margin": null,
      "op_margin": 0.26735063367531686,
      "fcf_margin": 0.013277006638503319,
      "incr_op_margin_yoy": 1.0253164556962024,
      "rev_growth_yoy": 0.31299524564183834,
      "fcf_margin_change": -0.09371062291682936
    },
    {
      "date": "2022-03-31T00:00:00",
      "quarter_label": "2022-03 (Q1)",
      "revenue": 3125000000,
      "gross_profit": null,
      "operating_income": -288000000,
      "net_income": -285000000,
      "opex": null,
      "cogs": null,
      "rd": null,
      "sga": 288000000,
      "fcf": 218000000,
      "ocf": 591000000,
      "capex": -373000000,
      "gross_margin": null,
      "op_margin": -0.09216,
      "fcf_margin": 0.06976,
      "incr_op_margin_yoy": -27.98780487804878,
      "rev_growth_yoy": -0.02556906766448394,
      "rev_growth_yoy_accel": -0.3385643133063223,
      "fcf_margin_change": 0.05648299336149668
    },
    {
      "date": "2022-06-30T00:00:00",
      "quarter_label": "2022-06 (Q2)",
      "revenue": 1588000000,
      "gross_profit": null,
      "operating_income": -1683000000,
      "net_income": -1365000000,
      "opex": null,
      "cogs": null,
      "rd": null,
      "sga": 280000000,
      "fcf": -1554000000,
      "ocf": -1314000000,
      "capex": -240000000,
      "gross_margin": null,
      "op_margin": -1.059823677581864,
      "fcf_margin": -0.9785894206549118,
      "incr_op_margin_yoy": 1.7860798362333674,
      "rev_growth_yoy": -0.38089668615984407,
      "rev_growth_yoy_accel": -0.3553276184953601,
      "fcf_margin_change": -1.0483494206549118
    },
    {
      "date": "2022-09-30T00:00:00",
      "quarter_label": "2022-09 (Q3)",
      "revenue": 5146000000,
      "gross_profit": null,
      "operating_income": 894000000,
      "net_income": 668000000,
      "opex": null,
      "cogs": null,
      "rd": null,
      "sga": 323000000,
      "fcf": 519000000,
      "ocf": 815000000,
      "capex": -296000000,
      "gross_margin": null,
      "op_margin": 0.1737271667314419,
      "fcf_margin": 0.10085503303536728,
      "incr_op_margin_yoy": 0.35962877030162416,
      "rev_growth_yoy": 0.7204948177866934,
      "rev_growth_yoy_accel": 1.1013915039465374,
      "fcf_margin_change": 1.0794444536902792
    },
    {
      "date": "2022-12-31T00:00:00",
      "quarter_label": "2022-12 (Q4)",
      "revenue": 3869000000,
      "gross_profit": null,
      "operating_income": -98000000,
      "net_income": -246000000,
      "opex": null,
      "cogs": null,
      "rd": null,
      "sga": 295000000,
      "fcf": 1000000,
      "ocf": 393000000,
      "capex": -392000000,
      "gross_margin": null,
      "op_margin": -0.025329542517446367,
      "fcf_margin": 0.0002584647195657793,
      "incr_op_margin_yoy": -1.772972972972973,
      "rev_growth_yoy": 0.16747133373566686,
      "rev_growth_yoy_accel": -0.5530234840510266,
      "fcf_margin_change": -0.1005965683158015
    },
    {
      "date": "2023-03-31T00:00:00",
      "quarter_label": "2023-03 (Q1)",
      "revenue": 4425000000,
      "gross_profit": null,
      "operating_income": 1131000000,
      "net_income": 699000000,
      "opex": null,
      "cogs": null,
      "rd": null,
      "sga": 288000000,
      "fcf": 951000000,
      "ocf": 1435000000,
      "capex": -484000000,
      "gross_margin": null,
      "op_margin": 0.2555932203389831,
      "fcf_margin": 0.21491525423728813,
      "incr_op_margin_yoy": 1.0915384615384616,
      "rev_growth_yoy": 0.416,
      "rev_growth_yoy_accel": 0.24852866626433312,
      "fcf_margin_change": 0.21465678951772235
    },
    {
      "date": "2023-06-30T00:00:00",
      "quarter_label": "2023-06 (Q2)",
      "revenue": 3189000000,
      "gross_profit": null,
      "operating_income": 591000000,
      "net_income": 476000000,
      "opex": null,
      "cogs": null,
      "rd": null,
      "sga": 309000000,
      "fcf": 1135000000,
      "ocf": 1577000000,
      "capex": -442000000,
      "gross_margin": null,
      "op_margin": 0.18532455315145813,
      "fcf_margin": 0.3559109438695516,
      "incr_op_margin_yoy": 1.4203622735790131,
      "rev_growth_yoy": 1.0081863979848866,
      "rev_growth_yoy_accel": 0.5921863979848867,
      "fcf_margin_change": 0.14099568963226344
    },
    {
      "date": "2023-09-30T00:00:00",
      "quarter_label": "2023-09 (Q3)",
      "revenue": 4086000000,
      "gross_profit": null,
      "operating_income": 834000000,
      "net_income": 502000000,
      "opex": null,
      "cogs": null,
      "rd": null,
      "sga": 357000000,
      "fcf": 1224000000,
      "ocf": 1560000000,
      "capex": -336000000,
      "gross_margin": null,
      "op_margin": 0.20411160058737152,
      "fcf_margin": 0.29955947136563876,
      "incr_op_margin_yoy": 0.05660377358490566,
      "rev_growth_yoy": -0.20598523124757093,
      "rev_growth_yoy_accel": -1.2141716292324576,
      "fcf_margin_change": -0.056351472503912814
    },
    {
      "date": "2023-12-31T00:00:00",
      "quarter_label": "2023-12 (Q4)",
      "revenue": 3078000000,
      "gross_profit": null,
      "operating_income": 102000000,
      "net_income": -184000000,
      "opex": null,
      "cogs": null,
      "rd": null,
      "sga": 355000000,
      "fcf": 467000000,
      "ocf": 881000000,
      "capex": -414000000,
      "gross_margin": null,
      "op_margin": 0.03313840155945419,
      "fcf_margin": 0.15172189733593242,
      "incr_op_margin_yoy": -0.2528445006321112,
      "rev_growth_yoy": -0.2044455931765314,
      "rev_growth_yoy_accel": 0.0015396380710395174,
      "fcf_margin_change": -0.14783757402970635
    },
    {
      "date": "2024-03-31T00:00:00",
      "quarter_label": "2024-03 (Q1)",
      "revenue": 3054000000,
      "gross_profit": null,
      "operating_income": 86000000,
      "net_income": -35000000,
      "opex": null,
      "cogs": null,
      "rd": null,
      "sga": 351000000,
      "fcf": -153000000,
      "ocf": 312000000,
      "capex": -465000000,
      "gross_margin": null,
      "op_margin": 0.028159790438768827,
      "fcf_margin": -0.05009823182711198,
      "incr_op_margin_yoy": 0.762217359591539,
      "rev_growth_yoy": -0.30983050847457627,
      "rev_growth_yoy_accel": -0.10538491529804486,
      "fcf_margin_change": -0.2018201291630444
    },
    {
      "date": "2024-06-30T00:00:00",
      "quarter_label": "2024-06 (Q2)",
      "revenue": 3845000000,
      "gross_profit": null,
      "operating_income": 808000000,
      "net_income": 365000000,
      "opex": null,
      "cogs": null,
      "rd": null,
      "sga": 375000000,
      "fcf": 698000000,
      "ocf": 1196000000,
      "capex": -498000000,
      "gross_margin": null,
      "op_margin": 0.21014304291287386,
      "fcf_margin": 0.18153446033810142,
      "incr_op_margin_yoy": 0.3307926829268293,
      "rev_growth_yoy": 0.20570711821887738,
      "rev_growth_yoy_accel": 0.5155376266934537,
      "fcf_margin_change": 0.2316326921652134
    },
    {
      "date": "2024-09-30T00:00:00",
      "quarter_label": "2024-09 (Q3)",
      "revenue": 6288000000,
      "gross_profit": null,
      "operating_income": 2588000000,
      "net_income": 1888000000,
      "opex": null,
      "cogs": null,
      "rd": null,
      "sga": 411000000,
      "fcf": 1017000000,
      "ocf": 1702000000,
      "capex": -685000000,
      "gross_margin": null,
      "op_margin": 0.4115776081424936,
      "fcf_margin": 0.16173664122137404,
      "incr_op_margin_yoy": 0.7965485921889192,
      "rev_growth_yoy": 0.5389133627019089,
      "rev_growth_yoy_accel": 0.33320624448303154,
      "fcf_margin_change": -0.019797819116727372
    },
    {
      "date": "2024-12-31T00:00:00",
      "quarter_label": "2024-12 (Q4)",
      "revenue": 4037000000,
      "gross_profit": null,
      "operating_income": 599000000,
      "net_income": 441000000,
      "opex": null,
      "cogs": null,
      "rd": null,
      "sga": 464000000,
      "fcf": 923000000,
      "ocf": 1353000000,
      "capex": -430000000,
      "gross_margin": null,
      "op_margin": 0.14837750805053257,
      "fcf_margin": 0.22863512509289077,
      "incr_op_margin_yoy": 0.5182481751824818,
      "rev_growth_yoy": 0.3115659519168291,
      "rev_growth_yoy_accel": -0.2273474107850798,
      "fcf_margin_change": 0.06689848387151673
    },
    {
      "date": "2025-03-31T00:00:00",
      "quarter_label": "2025-03 (Q1)",
      "revenue": 3933000000,
      "gross_profit": null,
      "operating_income": -120000000,
      "net_income": -268000000,
      "opex": null,
      "cogs": null,
      "rd": null,
      "sga": 391000000,
      "fcf": -169000000,
      "ocf": 599000000,
      "capex": -768000000,
      "gross_margin": null,
      "op_margin": -0.03051106025934401,
      "fcf_margin": -0.04296974319857615,
      "incr_op_margin_yoy": -0.23435722411831628,
      "rev_growth_yoy": 0.28781925343811393,
      "rev_growth_yoy_accel": -0.02374669847871519,
      "fcf_margin_change": -0.2716048682914669
    },
    {
      "date": "2025-06-30T00:00:00",
      "quarter_label": "2025-06 (Q2)",
      "revenue": 4250000000,
      "gross_profit": null,
      "operating_income": 515000000,
      "net_income": 327000000,
      "opex": null,
      "cogs": null,
      "rd": null,
      "sga": 419000000,
      "fcf": -118000000,
      "ocf": 572000000,
      "capex": -690000000,
      "gross_margin": null,
      "op_margin": 0.12117647058823529,
      "fcf_margin": -0.02776470588235294,
      "incr_op_margin_yoy": -0.7234567901234568,
      "rev_growth_yoy": 0.10533159947984395,
      "rev_growth_yoy_accel": -0.18248765395827,
      "fcf_margin_change": 0.015205037316223212
    },
    {
      "date": "2025-09-30T00:00:00",
      "quarter_label": "2025-09 (Q3)",
      "revenue": 4971000000,
      "gross_profit": null,
      "operating_income": 1037000000,
      "net_income": 652000000,
      "opex": null,
      "cogs": null,
      "rd": null,
      "sga": 444000000,
      "fcf": 1009000000,
      "ocf": 1467000000,
      "capex": -458000000,
      "gross_margin": null,
      "op_margin": 0.20860993763830216,
      "fcf_margin": 0.20297726815530073,
      "incr_op_margin_yoy": 1.1776765375854215,
      "rev_growth_yoy": -0.20944656488549618,
      "rev_growth_yoy_accel": -0.3147781643653401,
      "fcf_margin_change": 0.23074197403765367
    }
  ],
  "signals": [
    {
      "quarter": "2025-09 (Q3)",
      "signal": "FCF TURNED POSITIVE",
      "detail": "FCF margin: -2.8% -> +20.3%",
      "severity": "HIGH"
    },
    {
      "quarter": "2025-09 (Q3)",
      "signal": "YoY REVENUE GROWTH DECELERATION",
      "detail": "YoY growth: -20.9% vs prior quarter YoY: +10.5% (decel: -31.5%)",
      "severity": "WARNING"
    },
    {
      "quarter": "2025-09 (Q3)",
      "signal": "INCREMENTAL MARGIN (YoY)",
      "detail": "YoY Incr OPM: +117.8% vs year-ago OPM: +41.2%",
      "severity": "HIGH"
    },
    {
      "quarter": "2025-06 (Q2)",
      "signal": "YoY REVENUE GROWTH DECELERATION",
      "detail": "YoY growth: +10.5% vs prior quarter YoY: +28.8% (decel: -18.2%)",
      "severity": "WARNING"
    },
    {
      "quarter": "2025-06 (Q2)",
      "signal": "OP MARGIN TURNED POSITIVE (QoQ)",
      "detail": "Op margin: -3.1% -> +12.1%",
      "severity": "HIGH"
    },
    {
      "quarter": "2024-12 (Q4)",
      "signal": "FCF MARGIN EXPANSION",
      "detail": "FCF margin: +16.2% -> +22.9% (+6.7%)",
      "severity": "MEDIUM"
    },
    {
      "quarter": "2024-12 (Q4)",
      "signal": "YoY REVENUE GROWTH DECELERATION",
      "detail": "YoY growth: +31.2% vs prior quarter YoY: +53.9% (decel: -22.7%)",
      "severity": "WARNING"
    },
    {
      "quarter": "2024-12 (Q4)",
      "signal": "INCREMENTAL MARGIN (YoY)",
      "detail": "YoY Incr OPM: +51.8% vs year-ago OPM: +3.3%",
      "severity": "HIGH"
    },
    {
      "quarter": "2024-09 (Q3)",
      "signal": "YoY REVENUE GROWTH ACCELERATION",
      "detail": "YoY growth: +53.9% vs prior quarter YoY: +20.6% (accel: +33.3%)",
      "severity": "HIGH"
    },
    {
      "quarter": "2024-09 (Q3)",
      "signal": "INCREMENTAL MARGIN (YoY)",
      "detail": "YoY Incr OPM: +79.7% vs year-ago OPM: +20.4%",
      "severity": "HIGH"
    },
    {
      "quarter": "2024-06 (Q2)",
      "signal": "FCF TURNED POSITIVE",
      "detail": "FCF margin: -5.0% -> +18.2%",
      "severity": "HIGH"
    },
    {
      "quarter": "2024-06 (Q2)",
      "signal": "YoY REVENUE GROWTH ACCELERATION",
      "detail": "YoY growth: +20.6% vs prior quarter YoY: -31.0% (accel: +51.6%)",
      "severity": "HIGH"
    },
    {
      "quarter": "2024-06 (Q2)",
      "signal": "INCREMENTAL MARGIN (YoY)",
      "detail": "YoY Incr OPM: +33.1% vs year-ago OPM: +18.5%",
      "severity": "MEDIUM"
    },
    {
      "quarter": "2024-03 (Q1)",
      "signal": "YoY REVENUE GROWTH DECELERATION",
      "detail": "YoY growth: -31.0% vs prior quarter YoY: -20.4% (decel: -10.5%)",
      "severity": "WARNING"
    },
    {
      "quarter": "2024-03 (Q1)",
      "signal": "INCREMENTAL MARGIN (YoY)",
      "detail": "YoY Incr OPM: +76.2% vs year-ago OPM: +25.6%",
      "severity": "HIGH"
    },
    {
      "quarter": "2023-12 (Q4)",
      "signal": "OP MARGIN TURNED POSITIVE (YoY)",
      "detail": "Op margin: -2.5% (year-ago) -> +3.3%",
      "severity": "HIGH"
    },
    {
      "quarter": "2023-09 (Q3)",
      "signal": "YoY REVENUE GROWTH DECELERATION",
      "detail": "YoY growth: -20.6% vs prior quarter YoY: +100.8% (decel: -121.4%)",
      "severity": "WARNING"
    },
    {
      "quarter": "2023-06 (Q2)",
      "signal": "FCF MARGIN EXPANSION",
      "detail": "FCF margin: +21.5% -> +35.6% (+14.1%)",
      "severity": "MEDIUM"
    },
    {
      "quarter": "2023-06 (Q2)",
      "signal": "YoY REVENUE GROWTH ACCELERATION",
      "detail": "YoY growth: +100.8% vs prior quarter YoY: +41.6% (accel: +59.2%)",
      "severity": "HIGH"
    },
    {
      "quarter": "2023-06 (Q2)",
      "signal": "OP MARGIN TURNED POSITIVE (YoY)",
      "detail": "Op margin: -106.0% (year-ago) -> +18.5%",
      "severity": "HIGH"
    },
    {
      "quarter": "2023-03 (Q1)",
      "signal": "FCF MARGIN EXPANSION",
      "detail": "FCF margin: +0.0% -> +21.5% (+21.5%)",
      "severity": "MEDIUM"
    },
    {
      "quarter": "2023-03 (Q1)",
      "signal": "YoY REVENUE GROWTH ACCELERATION",
      "detail": "YoY growth: +41.6% vs prior quarter YoY: +16.7% (accel: +24.9%)",
      "severity": "HIGH"
    },
    {
      "quarter": "2023-03 (Q1)",
      "signal": "OP MARGIN TURNED POSITIVE (YoY)",
      "detail": "Op margin: -9.2% (year-ago) -> +25.6%",
      "severity": "HIGH"
    },
    {
      "quarter": "2023-03 (Q1)",
      "signal": "OP MARGIN TURNED POSITIVE (QoQ)",
      "detail": "Op margin: -2.5% -> +25.6%",
      "severity": "HIGH"
    },
    {
      "quarter": "2022-12 (Q4)",
      "signal": "YoY REVENUE GROWTH DECELERATION",
      "detail": "YoY growth: +16.7% vs prior quarter YoY: +72.0% (decel: -55.3%)",
      "severity": "WARNING"
    },
    {
      "quarter": "2022-09 (Q3)",
      "signal": "FCF TURNED POSITIVE",
      "detail": "FCF margin: -97.9% -> +10.1%",
      "severity": "HIGH"
    },
    {
      "quarter": "2022-09 (Q3)",
      "signal": "YoY REVENUE GROWTH ACCELERATION",
      "detail": "YoY growth: +72.0% vs prior quarter YoY: -38.1% (accel: +110.1%)",
      "severity": "HIGH"
    },
    {
      "quarter": "2022-09 (Q3)",
      "signal": "INCREMENTAL MARGIN (YoY)",
      "detail": "YoY Incr OPM: +36.0% vs year-ago OPM: +4.0%",
      "severity": "HIGH"
    },
    {
      "quarter": "2022-09 (Q3)",
      "signal": "OP MARGIN TURNED POSITIVE (QoQ)",
      "detail": "Op margin: -106.0% -> +17.4%",
      "severity": "HIGH"
    },
    {
      "quarter": "2022-06 (Q2)",
      "signal": "YoY REVENUE GROWTH DECELERATION",
      "detail": "YoY growth: -38.1% vs prior quarter YoY: -2.6% (decel: -35.5%)",
      "severity": "WARNING"
    },
    {
      "quarter": "2022-03 (Q1)",
      "signal": "FCF MARGIN EXPANSION",
      "detail": "FCF margin: +1.3% -> +7.0% (+5.6%)",
      "severity": "MEDIUM"
    },
    {
      "quarter": "2022-03 (Q1)",
      "signal": "YoY REVENUE GROWTH DECELERATION",
      "detail": "YoY growth: -2.6% vs prior quarter YoY: +31.3% (decel: -33.9%)",
      "severity": "WARNING"
    },
    {
      "quarter": "2021-12 (Q4)",
      "signal": "INCREMENTAL MARGIN (YoY)",
      "detail": "YoY Incr OPM: +102.5% vs year-ago OPM: +3.0%",
      "severity": "HIGH"
    },
    {
      "quarter": "2021-06 (Q2)",
      "signal": "FCF TURNED POSITIVE",
      "detail": "FCF margin: -57.5% -> +9.4%",
      "severity": "HIGH"
    },
    {
      "quarter": "2021-06 (Q2)",
      "signal": "OP MARGIN TURNED POSITIVE (QoQ)",
      "detail": "Op margin: -80.5% -> +2.4%",
      "severity": "HIGH"
    }
  ],
  "data_quality": {
    "n_quarters": 20,
    "coverage": {
      "revenue": [
        20,
        20
      ],
      "gross_profit": [
        0,
        20
      ],
      "op_income": [
        20,
        20
      ],
      "fcf": [
        20,
        20
      ]
    },
    "gaps": [],
    "warnings": [
      "gross_profit: no data"
    ]
  },
  "market_cap": null,
  "source": "SEC EDGAR",
  "last_updated": "2026-02-02T19:58:16.868803"
}