{
  "ticker": "VSTM",
  "name": "Verastem, Inc.",
  "quarters": [
    {
      "date": "2018-09-30T00:00:00",
      "quarter_label": "2018-09 (Q3)",
      "revenue": 15508000,
      "gross_profit": 15459000,
      "operating_income": null,
      "net_income": null,
      "opex": null,
      "cogs": 49000,
      "rd": null,
      "sga": null,
      "fcf": null,
      "ocf": null,
      "capex": -567000,
      "gross_margin": 0.9968403404694351,
      "op_margin": null,
      "fcf_margin": null
    },
    {
      "date": "2018-12-31T00:00:00",
      "quarter_label": "2018-12 (Q4)",
      "revenue": 1210000,
      "gross_profit": 1094000,
      "operating_income": null,
      "net_income": null,
      "opex": null,
      "cogs": 116000,
      "rd": null,
      "sga": null,
      "fcf": null,
      "ocf": null,
      "capex": -263000,
      "gross_margin": 0.9041322314049587,
      "op_margin": null,
      "fcf_margin": null
    },
    {
      "date": "2019-03-31T00:00:00",
      "quarter_label": "2019-03 (Q1)",
      "revenue": 1671000,
      "gross_profit": 1513000,
      "operating_income": null,
      "net_income": null,
      "opex": null,
      "cogs": 158000,
      "rd": null,
      "sga": null,
      "fcf": null,
      "ocf": null,
      "capex": null,
      "gross_margin": 0.9054458408138839,
      "op_margin": null,
      "fcf_margin": null
    },
    {
      "date": "2019-06-30T00:00:00",
      "quarter_label": "2019-06 (Q2)",
      "revenue": 3136000,
      "gross_profit": null,
      "operating_income": null,
      "net_income": null,
      "opex": null,
      "cogs": null,
      "rd": null,
      "sga": null,
      "fcf": null,
      "ocf": null,
      "capex": null,
      "gross_margin": null,
      "op_margin": null,
      "fcf_margin": null
    },
    {
      "date": "2019-09-30T00:00:00",
      "quarter_label": "2019-09 (Q3)",
      "revenue": 9032000,
      "gross_profit": null,
      "operating_income": null,
      "net_income": null,
      "opex": null,
      "cogs": null,
      "rd": null,
      "sga": null,
      "fcf": null,
      "ocf": null,
      "capex": null,
      "gross_margin": null,
      "op_margin": null,
      "fcf_margin": null,
      "rev_growth_yoy": -0.4175909208150632
    },
    {
      "date": "2019-12-31T00:00:00",
      "quarter_label": "2019-12 (Q4)",
      "revenue": 3617000,
      "gross_profit": null,
      "operating_income": null,
      "net_income": null,
      "opex": null,
      "cogs": null,
      "rd": null,
      "sga": null,
      "fcf": null,
      "ocf": null,
      "capex": null,
      "gross_margin": null,
      "op_margin": null,
      "fcf_margin": null,
      "rev_growth_yoy": 1.9892561983471075,
      "rev_growth_yoy_accel": 2.4068471191621708
    },
    {
      "date": "2020-03-31T00:00:00",
      "quarter_label": "2020-03 (Q1)",
      "revenue": 5056000,
      "gross_profit": null,
      "operating_income": null,
      "net_income": null,
      "opex": null,
      "cogs": null,
      "rd": null,
      "sga": null,
      "fcf": null,
      "ocf": null,
      "capex": null,
      "gross_margin": null,
      "op_margin": null,
      "fcf_margin": null,
      "rev_growth_yoy": 2.025733093955715,
      "rev_growth_yoy_accel": 0.03647689560860745
    },
    {
      "date": "2020-06-30T00:00:00",
      "quarter_label": "2020-06 (Q2)",
      "revenue": 4307000,
      "gross_profit": null,
      "operating_income": null,
      "net_income": null,
      "opex": null,
      "cogs": null,
      "rd": null,
      "sga": null,
      "fcf": null,
      "ocf": null,
      "capex": null,
      "gross_margin": null,
      "op_margin": null,
      "fcf_margin": null,
      "rev_growth_yoy": 0.37340561224489793,
      "rev_growth_yoy_accel": -1.6523274817108171
    },
    {
      "date": "2020-09-30T00:00:00",
      "quarter_label": "2020-09 (Q3)",
      "revenue": 78647000,
      "gross_profit": 47460000,
      "operating_income": null,
      "net_income": null,
      "opex": null,
      "cogs": 31187000,
      "rd": null,
      "sga": null,
      "fcf": null,
      "ocf": null,
      "capex": -6000,
      "gross_margin": 0.603455948732946,
      "op_margin": null,
      "fcf_margin": null,
      "rev_growth_yoy": 7.7075952170062,
      "rev_growth_yoy_accel": 7.334189604761302
    },
    {
      "date": "2020-12-31T00:00:00",
      "quarter_label": "2020-12 (Q4)",
      "revenue": 506000,
      "gross_profit": null,
      "operating_income": -16754000,
      "net_income": -19864000,
      "opex": 17260000,
      "cogs": null,
      "rd": 10153000,
      "sga": 7095000,
      "fcf": -21703000,
      "ocf": -21703000,
      "capex": null,
      "gross_margin": null,
      "op_margin": -33.11067193675889,
      "fcf_margin": -42.891304347826086,
      "rev_growth_yoy": -0.8601050594415262,
      "rev_growth_yoy_accel": -8.567700276447725
    },
    {
      "date": "2021-03-31T00:00:00",
      "quarter_label": "2021-03 (Q1)",
      "revenue": 1006000,
      "gross_profit": null,
      "operating_income": -14108000,
      "net_income": -15031000,
      "opex": 15114000,
      "cogs": null,
      "rd": 8896000,
      "sga": 6218000,
      "fcf": -19514000,
      "ocf": -19318000,
      "capex": -196000,
      "gross_margin": null,
      "op_margin": -14.02385685884692,
      "fcf_margin": -19.39761431411531,
      "rev_growth_yoy": -0.8010284810126582,
      "rev_growth_yoy_accel": 0.05907657842886793,
      "op_leverage_ratio": Infinity,
      "fcf_margin_change": 23.493690033710777
    },
    {
      "date": "2021-06-30T00:00:00",
      "quarter_label": "2021-06 (Q2)",
      "revenue": 500000,
      "gross_profit": null,
      "operating_income": -15944000,
      "net_income": -16902000,
      "opex": 16444000,
      "cogs": null,
      "rd": 9730000,
      "sga": 6714000,
      "fcf": -13424000,
      "ocf": -13424000,
      "capex": null,
      "gross_margin": null,
      "op_margin": -31.888,
      "fcf_margin": -26.848,
      "rev_growth_yoy": -0.8839099140933364,
      "rev_growth_yoy_accel": -0.08288143308067819,
      "fcf_margin_change": -7.45038568588469
    },
    {
      "date": "2021-09-30T00:00:00",
      "quarter_label": "2021-09 (Q3)",
      "revenue": 2000,
      "gross_profit": null,
      "operating_income": -14846000,
      "net_income": -22786000,
      "opex": 14848000,
      "cogs": null,
      "rd": 9325000,
      "sga": 5523000,
      "fcf": -10827000,
      "ocf": -10827000,
      "capex": null,
      "gross_margin": null,
      "op_margin": -7423.0,
      "fcf_margin": -5413.5,
      "rev_growth_yoy": -0.9999745699136648,
      "rev_growth_yoy_accel": -0.11606465582032843,
      "fcf_margin_change": -5386.652
    },
    {
      "date": "2021-12-31T00:00:00",
      "quarter_label": "2021-12 (Q4)",
      "revenue": 545000,
      "gross_profit": null,
      "operating_income": -16511000,
      "net_income": -16481000,
      "opex": 17056000,
      "cogs": null,
      "rd": 11396000,
      "sga": 5660000,
      "fcf": -9933000,
      "ocf": -9933000,
      "capex": null,
      "gross_margin": null,
      "op_margin": -30.295412844036697,
      "fcf_margin": -18.225688073394494,
      "rev_growth_yoy": 0.07707509881422925,
      "rev_growth_yoy_accel": 1.077049668727894,
      "op_leverage_ratio": 1825.7391304347825,
      "fcf_margin_change": 5395.274311926605
    },
    {
      "date": "2022-03-31T00:00:00",
      "quarter_label": "2022-03 (Q1)",
      "revenue": 2596000,
      "gross_profit": null,
      "operating_income": -16980000,
      "net_income": -16962000,
      "opex": 19576000,
      "cogs": null,
      "rd": 13642000,
      "sga": 5934000,
      "fcf": -19281000,
      "ocf": -19281000,
      "capex": null,
      "gross_margin": null,
      "op_margin": -6.540832049306625,
      "fcf_margin": -7.427195685670262,
      "incr_op_margin_yoy": -1.8062893081761007,
      "rev_growth_yoy": 1.58051689860835,
      "rev_growth_yoy_accel": 1.5034417997941207,
      "op_leverage_ratio": 25.470988786952088,
      "fcf_margin_change": 10.798492387724231
    },
    {
      "date": "2022-12-31T00:00:00",
      "quarter_label": "2022-12 (Q4)",
      "revenue": 0,
      "gross_profit": null,
      "operating_income": -16846000,
      "net_income": -16808000,
      "opex": 16846000,
      "cogs": null,
      "rd": 10740000,
      "sga": 6106000,
      "fcf": -16616000,
      "ocf": -16616000,
      "capex": null,
      "gross_margin": null,
      "op_margin": null,
      "fcf_margin": null,
      "rev_growth_yoy": -1.0,
      "rev_growth_yoy_accel": -2.5805168986083498
    },
    {
      "date": "2024-06-30T00:00:00",
      "quarter_label": "2024-06 (Q2)",
      "revenue": 10000000,
      "gross_profit": null,
      "operating_income": -18277000,
      "net_income": -8256000,
      "opex": 28277000,
      "cogs": null,
      "rd": 18062000,
      "sga": 10215000,
      "fcf": -27577000,
      "ocf": -27570000,
      "capex": -7000,
      "gross_margin": null,
      "op_margin": -1.8277,
      "fcf_margin": -2.7577
    },
    {
      "date": "2024-12-31T00:00:00",
      "quarter_label": "2024-12 (Q4)",
      "revenue": 0,
      "gross_profit": null,
      "operating_income": -31590000,
      "net_income": -64551000,
      "opex": 31590000,
      "cogs": null,
      "rd": 20811000,
      "sga": 10779000,
      "fcf": -25099000,
      "ocf": -25099000,
      "capex": null,
      "gross_margin": null,
      "op_margin": null,
      "fcf_margin": null
    },
    {
      "date": "2025-06-30T00:00:00",
      "quarter_label": "2025-06 (Q2)",
      "revenue": 2137000,
      "gross_profit": null,
      "operating_income": -43764000,
      "net_income": -25934000,
      "opex": 45901000,
      "cogs": null,
      "rd": 24786000,
      "sga": 20669000,
      "fcf": -32663000,
      "ocf": -32663000,
      "capex": null,
      "gross_margin": null,
      "op_margin": -20.479176415535797,
      "fcf_margin": -15.28451099672438,
      "incr_op_margin_yoy": 3.241383695790411,
      "rev_growth_yoy": -0.7863
    },
    {
      "date": "2025-09-30T00:00:00",
      "quarter_label": "2025-09 (Q3)",
      "revenue": 11242000,
      "gross_profit": null,
      "operating_income": -40715000,
      "net_income": -98518000,
      "opex": 51957000,
      "cogs": null,
      "rd": 28989000,
      "sga": 21008000,
      "fcf": -36216000,
      "ocf": -36216000,
      "capex": null,
      "gross_margin": null,
      "op_margin": -3.6216865326454366,
      "fcf_margin": -3.221490837929194,
      "op_leverage_ratio": 32.29324657586748,
      "fcf_margin_change": 12.063020158795187
    }
  ],
  "signals": [
    {
      "quarter": "2025-09 (Q3)",
      "signal": "FCF MARGIN EXPANSION",
      "detail": "FCF margin: -1528.5% -> -322.1% (+1206.3%)",
      "severity": "MEDIUM"
    },
    {
      "quarter": "2025-09 (Q3)",
      "signal": "OPERATING LEVERAGE",
      "detail": "Rev growth +426.1% vs OpEx growth +13.2% (leverage: 32.3x)",
      "severity": "MEDIUM"
    },
    {
      "quarter": "2022-12 (Q4)",
      "signal": "YoY REVENUE GROWTH DECELERATION",
      "detail": "YoY growth: -100.0% vs prior quarter YoY: +158.1% (decel: -258.1%)",
      "severity": "WARNING"
    },
    {
      "quarter": "2022-03 (Q1)",
      "signal": "FCF MARGIN EXPANSION",
      "detail": "FCF margin: -1822.6% -> -742.7% (+1079.8%)",
      "severity": "MEDIUM"
    },
    {
      "quarter": "2022-03 (Q1)",
      "signal": "OPERATING LEVERAGE",
      "detail": "Rev growth +376.3% vs OpEx growth +14.8% (leverage: 25.5x)",
      "severity": "MEDIUM"
    },
    {
      "quarter": "2022-03 (Q1)",
      "signal": "YoY REVENUE GROWTH ACCELERATION",
      "detail": "YoY growth: +158.1% vs prior quarter YoY: +7.7% (accel: +150.3%)",
      "severity": "HIGH"
    },
    {
      "quarter": "2021-12 (Q4)",
      "signal": "FCF MARGIN EXPANSION",
      "detail": "FCF margin: -541350.0% -> -1822.6% (+539527.4%)",
      "severity": "MEDIUM"
    },
    {
      "quarter": "2021-12 (Q4)",
      "signal": "OPERATING LEVERAGE",
      "detail": "Rev growth +27150.0% vs OpEx growth +14.9% (leverage: 1825.7x)",
      "severity": "MEDIUM"
    },
    {
      "quarter": "2021-12 (Q4)",
      "signal": "YoY REVENUE GROWTH ACCELERATION",
      "detail": "YoY growth: +7.7% vs prior quarter YoY: -100.0% (accel: +107.7%)",
      "severity": "HIGH"
    },
    {
      "quarter": "2021-09 (Q3)",
      "signal": "YoY REVENUE GROWTH DECELERATION",
      "detail": "YoY growth: -100.0% vs prior quarter YoY: -88.4% (decel: -11.6%)",
      "severity": "WARNING"
    },
    {
      "quarter": "2021-06 (Q2)",
      "signal": "YoY REVENUE GROWTH DECELERATION",
      "detail": "YoY growth: -88.4% vs prior quarter YoY: -80.1% (decel: -8.3%)",
      "severity": "WARNING"
    },
    {
      "quarter": "2021-03 (Q1)",
      "signal": "FCF MARGIN EXPANSION",
      "detail": "FCF margin: -4289.1% -> -1939.8% (+2349.4%)",
      "severity": "MEDIUM"
    },
    {
      "quarter": "2021-03 (Q1)",
      "signal": "YoY REVENUE GROWTH ACCELERATION",
      "detail": "YoY growth: -80.1% vs prior quarter YoY: -86.0% (accel: +5.9%)",
      "severity": "MEDIUM"
    },
    {
      "quarter": "2020-12 (Q4)",
      "signal": "YoY REVENUE GROWTH DECELERATION",
      "detail": "YoY growth: -86.0% vs prior quarter YoY: +770.8% (decel: -856.8%)",
      "severity": "WARNING"
    },
    {
      "quarter": "2020-09 (Q3)",
      "signal": "YoY REVENUE GROWTH ACCELERATION",
      "detail": "YoY growth: +770.8% vs prior quarter YoY: +37.3% (accel: +733.4%)",
      "severity": "HIGH"
    },
    {
      "quarter": "2020-06 (Q2)",
      "signal": "YoY REVENUE GROWTH DECELERATION",
      "detail": "YoY growth: +37.3% vs prior quarter YoY: +202.6% (decel: -165.2%)",
      "severity": "WARNING"
    },
    {
      "quarter": "2019-12 (Q4)",
      "signal": "YoY REVENUE GROWTH ACCELERATION",
      "detail": "YoY growth: +198.9% vs prior quarter YoY: -41.8% (accel: +240.7%)",
      "severity": "HIGH"
    }
  ],
  "data_quality": {
    "n_quarters": 20,
    "coverage": {
      "revenue": [
        20,
        20
      ],
      "gross_profit": [
        4,
        20
      ],
      "op_income": [
        11,
        20
      ],
      "fcf": [
        11,
        20
      ]
    },
    "gaps": [
      [
        "2022-03 (Q1)",
        "2022-12 (Q4)",
        275
      ],
      [
        "2022-12 (Q4)",
        "2024-06 (Q2)",
        547
      ],
      [
        "2024-06 (Q2)",
        "2024-12 (Q4)",
        184
      ],
      [
        "2024-12 (Q4)",
        "2025-06 (Q2)",
        181
      ]
    ],
    "warnings": [
      "gross_profit: 4/20Q",
      "op_income: 11/20Q",
      "fcf: 11/20Q",
      "gap: 2Q missing between 2022-03 (Q1) and 2022-12 (Q4)",
      "gap: 5Q missing between 2022-12 (Q4) and 2024-06 (Q2)",
      "gap: 1Q missing between 2024-06 (Q2) and 2024-12 (Q4)",
      "gap: 1Q missing between 2024-12 (Q4) and 2025-06 (Q2)"
    ]
  },
  "market_cap": null,
  "source": "SEC EDGAR",
  "last_updated": "2026-02-02T22:26:22.069738"
}