{
  "ticker": "VSTS",
  "name": "Vestis Corporation",
  "quarters": [
    {
      "date": "2022-12-30T00:00:00",
      "quarter_label": "2022-12 (Q4)",
      "revenue": 700696000,
      "gross_profit": 204583000,
      "operating_income": 44373000,
      "net_income": 33468000,
      "opex": 160210000,
      "cogs": 496113000,
      "rd": null,
      "sga": 126323000,
      "fcf": 7973000,
      "ocf": 7973000,
      "capex": null,
      "gross_margin": 0.29197112585201,
      "op_margin": 0.06332703483393655,
      "fcf_margin": 0.01137868633473004
    },
    {
      "date": "2023-03-31T00:00:00",
      "quarter_label": "2023-03 (Q1)",
      "revenue": 699305000,
      "gross_profit": 199843000,
      "operating_income": 49394000,
      "net_income": 36855000,
      "opex": 150449000,
      "cogs": 499462000,
      "rd": null,
      "sga": 116828000,
      "fcf": 60792000,
      "ocf": 60792000,
      "capex": null,
      "gross_margin": 0.2857737324915452,
      "op_margin": 0.07063298560713852,
      "fcf_margin": 0.08693202536804398,
      "fcf_margin_change": 0.07555333903331395
    },
    {
      "date": "2023-06-30T00:00:00",
      "quarter_label": "2023-06 (Q2)",
      "revenue": 709384000,
      "gross_profit": 224816000,
      "operating_income": 66367000,
      "net_income": 48863000,
      "opex": 158449000,
      "cogs": 484568000,
      "rd": null,
      "sga": 124245000,
      "fcf": 75172000,
      "ocf": 75172000,
      "capex": null,
      "gross_margin": 0.31691721268029727,
      "op_margin": 0.09355581744161132,
      "fcf_margin": 0.10596799476729106,
      "op_leverage_ratio": 0.27105044848099186,
      "fcf_margin_change": 0.01903596939924708
    },
    {
      "date": "2023-09-29T00:00:00",
      "quarter_label": "2023-09 (Q3)",
      "revenue": 715901000,
      "gross_profit": 225829000,
      "operating_income": 57775000,
      "net_income": 93972000,
      "opex": 168054000,
      "cogs": 490072000,
      "rd": null,
      "sga": 133262000,
      "fcf": 113040000,
      "ocf": 113040000,
      "capex": null,
      "gross_margin": 0.31544724759429027,
      "op_margin": 0.08070249936792936,
      "fcf_margin": 0.1578989273656553,
      "fcf_margin_change": 0.051930932598364246
    },
    {
      "date": "2023-12-29T00:00:00",
      "quarter_label": "2023-12 (Q4)",
      "revenue": 717923000,
      "gross_profit": 215542000,
      "operating_income": 47598000,
      "net_income": 12266000,
      "opex": 167944000,
      "cogs": 502381000,
      "rd": null,
      "sga": 132582000,
      "fcf": 51505000,
      "ocf": 51505000,
      "capex": null,
      "gross_margin": 0.30022996895210213,
      "op_margin": 0.06629958923171426,
      "fcf_margin": 0.07174167703221655,
      "incr_op_margin_yoy": 0.1872061299123469,
      "rev_growth_yoy": 0.024585554933951384,
      "fcf_margin_change": -0.08615725033343875
    },
    {
      "date": "2024-03-29T00:00:00",
      "quarter_label": "2024-03 (Q1)",
      "revenue": 705368000,
      "gross_profit": 200951000,
      "operating_income": 43054000,
      "net_income": 5965000,
      "opex": 157897000,
      "cogs": 504417000,
      "rd": null,
      "sga": 122684000,
      "fcf": 76037000,
      "ocf": 76037000,
      "capex": null,
      "gross_margin": 0.2848881718478865,
      "op_margin": 0.061037642762359505,
      "fcf_margin": 0.10779763187442583,
      "incr_op_margin_yoy": -1.0456869536533069,
      "rev_growth_yoy": 0.008670036679274422,
      "rev_growth_yoy_accel": -0.015915518254676964,
      "fcf_margin_change": 0.036055954842209276
    },
    {
      "date": "2024-06-28T00:00:00",
      "quarter_label": "2024-06 (Q2)",
      "revenue": 698248000,
      "gross_profit": 202489000,
      "operating_income": 37523000,
      "net_income": 5037000,
      "opex": 164966000,
      "cogs": 495759000,
      "rd": null,
      "sga": 130041000,
      "fcf": 48658000,
      "ocf": 48658000,
      "capex": null,
      "gross_margin": 0.2899958181047422,
      "op_margin": 0.05373878621922297,
      "fcf_margin": 0.06968584227953392,
      "incr_op_margin_yoy": 2.5901580459770117,
      "rev_growth_yoy": -0.0156981268255275,
      "rev_growth_yoy_accel": -0.02436816350480192,
      "fcf_margin_change": -0.03811178959489191
    },
    {
      "date": "2024-09-27T00:00:00",
      "quarter_label": "2024-09 (Q3)",
      "revenue": 684281000,
      "gross_profit": 196966000,
      "operating_income": 29776000,
      "net_income": -2298000,
      "opex": 167190000,
      "cogs": 487315000,
      "rd": null,
      "sga": 131909000,
      "fcf": 295588000,
      "ocf": 295588000,
      "capex": null,
      "gross_margin": 0.28784373671050345,
      "op_margin": 0.043514287259181536,
      "fcf_margin": 0.43196873798921787,
      "incr_op_margin_yoy": 0.885483870967742,
      "rev_growth_yoy": -0.044168118217463026,
      "rev_growth_yoy_accel": -0.028469991391935526,
      "fcf_margin_change": 0.36228289570968397
    },
    {
      "date": "2024-12-27T00:00:00",
      "quarter_label": "2024-12 (Q4)",
      "revenue": 683780000,
      "gross_profit": 188520000,
      "operating_income": 30399000,
      "net_income": 832000,
      "opex": 158121000,
      "cogs": 495260000,
      "rd": null,
      "sga": 121185000,
      "fcf": 3780000,
      "ocf": 3780000,
      "capex": null,
      "gross_margin": 0.275702711398403,
      "op_margin": 0.044457281581795315,
      "fcf_margin": 0.005528093831349264,
      "incr_op_margin_yoy": 0.5037342939987699,
      "rev_growth_yoy": -0.04755802502496786,
      "rev_growth_yoy_accel": -0.003389906807504832,
      "fcf_margin_change": -0.4264406441578686
    },
    {
      "date": "2025-03-28T00:00:00",
      "quarter_label": "2025-03 (Q1)",
      "revenue": 665249000,
      "gross_profit": 175258000,
      "operating_income": -8570000,
      "net_income": -27830000,
      "opex": 183828000,
      "cogs": 489991000,
      "rd": null,
      "sga": 147946000,
      "fcf": 6658000,
      "ocf": 6658000,
      "capex": null,
      "gross_margin": 0.26344722051442393,
      "op_margin": -0.012882394411716515,
      "fcf_margin": 0.010008282612976495,
      "incr_op_margin_yoy": 1.286771853735138,
      "rev_growth_yoy": -0.05687669415113813,
      "rev_growth_yoy_accel": -0.00931866912617027,
      "fcf_margin_change": 0.00448018878162723
    },
    {
      "date": "2025-06-27T00:00:00",
      "quarter_label": "2025-06 (Q2)",
      "revenue": 673799000,
      "gross_profit": 182118000,
      "operating_income": 24961000,
      "net_income": -676000,
      "opex": 157157000,
      "cogs": 491681000,
      "rd": null,
      "sga": 122301000,
      "fcf": 22864000,
      "ocf": 22864000,
      "capex": null,
      "gross_margin": 0.2702853521599171,
      "op_margin": 0.03704517222495136,
      "fcf_margin": 0.03393296814035046,
      "incr_op_margin_yoy": 0.513804245572416,
      "rev_growth_yoy": -0.03501477984899348,
      "rev_growth_yoy_accel": 0.021861914302144646,
      "op_leverage_ratio": Infinity,
      "fcf_margin_change": 0.023924685527373965
    },
    {
      "date": "2025-10-03T00:00:00",
      "quarter_label": "2025-10 (Q4)",
      "revenue": 712011000,
      "gross_profit": 178861000,
      "operating_income": 17641000,
      "net_income": -12549000,
      "opex": 161220000,
      "cogs": 533150000,
      "rd": null,
      "sga": 125877000,
      "fcf": 30927000,
      "ocf": 30927000,
      "capex": null,
      "gross_margin": 0.25120538868079284,
      "op_margin": 0.024776302613302322,
      "fcf_margin": 0.04343612668905396,
      "incr_op_margin_yoy": -0.43761269383339346,
      "rev_growth_yoy": 0.04052428753684524,
      "rev_growth_yoy_accel": 0.07553906738583872,
      "op_leverage_ratio": 2.193594328248809,
      "fcf_margin_change": 0.009503158548703497
    }
  ],
  "signals": [
    {
      "quarter": "2025-10 (Q4)",
      "signal": "OPERATING LEVERAGE",
      "detail": "Rev growth +5.7% vs OpEx growth +2.6% (leverage: 2.2x)",
      "severity": "MEDIUM"
    },
    {
      "quarter": "2025-10 (Q4)",
      "signal": "YoY REVENUE GROWTH ACCELERATION",
      "detail": "YoY growth: +4.1% vs prior quarter YoY: -3.5% (accel: +7.6%)",
      "severity": "MEDIUM"
    },
    {
      "quarter": "2025-06 (Q2)",
      "signal": "INCREMENTAL MARGIN (YoY)",
      "detail": "YoY Incr OPM: +51.4% vs year-ago OPM: +5.4%",
      "severity": "HIGH"
    },
    {
      "quarter": "2025-06 (Q2)",
      "signal": "OP MARGIN TURNED POSITIVE (QoQ)",
      "detail": "Op margin: -1.3% -> +3.7%",
      "severity": "HIGH"
    },
    {
      "quarter": "2024-12 (Q4)",
      "signal": "INCREMENTAL MARGIN (YoY)",
      "detail": "YoY Incr OPM: +50.4% vs year-ago OPM: +6.6%",
      "severity": "HIGH"
    },
    {
      "quarter": "2024-09 (Q3)",
      "signal": "FCF MARGIN EXPANSION",
      "detail": "FCF margin: +7.0% -> +43.2% (+36.2%)",
      "severity": "MEDIUM"
    },
    {
      "quarter": "2024-09 (Q3)",
      "signal": "INCREMENTAL MARGIN (YoY)",
      "detail": "YoY Incr OPM: +88.5% vs year-ago OPM: +8.1%",
      "severity": "HIGH"
    },
    {
      "quarter": "2024-06 (Q2)",
      "signal": "INCREMENTAL MARGIN (YoY)",
      "detail": "YoY Incr OPM: +259.0% vs year-ago OPM: +9.4%",
      "severity": "HIGH"
    },
    {
      "quarter": "2023-12 (Q4)",
      "signal": "INCREMENTAL MARGIN (YoY)",
      "detail": "YoY Incr OPM: +18.7% vs year-ago OPM: +6.3%",
      "severity": "MEDIUM"
    },
    {
      "quarter": "2023-09 (Q3)",
      "signal": "FCF MARGIN EXPANSION",
      "detail": "FCF margin: +10.6% -> +15.8% (+5.2%)",
      "severity": "MEDIUM"
    },
    {
      "quarter": "2023-06 (Q2)",
      "signal": "GROSS MARGIN INFLECTION",
      "detail": "GM: +29.2% -> +28.6% -> +31.7% (reversal +3.1%)",
      "severity": "MEDIUM"
    },
    {
      "quarter": "2023-03 (Q1)",
      "signal": "FCF MARGIN EXPANSION",
      "detail": "FCF margin: +1.1% -> +8.7% (+7.6%)",
      "severity": "MEDIUM"
    }
  ],
  "data_quality": {
    "n_quarters": 12,
    "coverage": {
      "revenue": [
        12,
        12
      ],
      "gross_profit": [
        12,
        12
      ],
      "op_income": [
        12,
        12
      ],
      "fcf": [
        12,
        12
      ]
    },
    "gaps": [],
    "warnings": []
  },
  "market_cap": null,
  "source": "SEC EDGAR",
  "last_updated": "2026-02-02T22:05:10.629712"
}