{
  "ticker": "VTOL",
  "name": "Bristow Group Inc.",
  "quarters": [
    {
      "date": "2020-12-31T00:00:00",
      "quarter_label": "2020-12 (Q4)",
      "revenue": 309897000,
      "gross_profit": null,
      "operating_income": null,
      "net_income": -57121000,
      "opex": 298083000,
      "cogs": null,
      "rd": null,
      "sga": 37931000,
      "fcf": 25078000,
      "ocf": 25078000,
      "capex": null,
      "gross_margin": null,
      "op_margin": null,
      "fcf_margin": 0.08092366173276927
    },
    {
      "date": "2021-03-31T00:00:00",
      "quarter_label": "2021-03 (Q1)",
      "revenue": 293332000,
      "gross_profit": null,
      "operating_income": null,
      "net_income": -42588000,
      "opex": 312285000,
      "cogs": null,
      "rd": null,
      "sga": 40548000,
      "fcf": 36776000,
      "ocf": 36776000,
      "capex": null,
      "gross_margin": null,
      "op_margin": null,
      "fcf_margin": 0.12537329715135068,
      "fcf_margin_change": 0.04444963541858141
    },
    {
      "date": "2021-06-30T00:00:00",
      "quarter_label": "2021-06 (Q2)",
      "revenue": 300602000,
      "gross_profit": null,
      "operating_income": null,
      "net_income": -14197000,
      "opex": 289881000,
      "cogs": null,
      "rd": null,
      "sga": 37483000,
      "fcf": 36441000,
      "ocf": 36441000,
      "capex": null,
      "gross_margin": null,
      "op_margin": null,
      "fcf_margin": 0.12122673834505426,
      "op_leverage_ratio": Infinity,
      "fcf_margin_change": -0.004146558806296413
    },
    {
      "date": "2021-09-30T00:00:00",
      "quarter_label": "2021-09 (Q3)",
      "revenue": 301584000,
      "gross_profit": null,
      "operating_income": null,
      "net_income": 2775000,
      "opex": 287334000,
      "cogs": null,
      "rd": null,
      "sga": 38970000,
      "fcf": 36753000,
      "ocf": 36753000,
      "capex": null,
      "gross_margin": null,
      "op_margin": null,
      "fcf_margin": 0.12186654464427821,
      "fcf_margin_change": 0.0006398062992239439
    },
    {
      "date": "2021-12-31T00:00:00",
      "quarter_label": "2021-12 (Q4)",
      "revenue": 295619000,
      "gross_profit": null,
      "operating_income": null,
      "net_income": -56000,
      "opex": 290676000,
      "cogs": null,
      "rd": null,
      "sga": 40966000,
      "fcf": 45083000,
      "ocf": 45083000,
      "capex": null,
      "gross_margin": null,
      "op_margin": null,
      "fcf_margin": 0.15250372946258528,
      "rev_growth_yoy": -0.046073372765789926,
      "fcf_margin_change": 0.030637184818307073
    },
    {
      "date": "2022-03-31T00:00:00",
      "quarter_label": "2022-03 (Q1)",
      "revenue": 287399000,
      "gross_profit": null,
      "operating_income": null,
      "net_income": -4313000,
      "opex": 290905000,
      "cogs": null,
      "rd": null,
      "sga": 41644000,
      "fcf": 5577000,
      "ocf": 5577000,
      "capex": null,
      "gross_margin": null,
      "op_margin": null,
      "fcf_margin": 0.019405077957821704,
      "rev_growth_yoy": -0.020226228301037732,
      "rev_growth_yoy_accel": 0.025847144464752194,
      "fcf_margin_change": -0.13309865150476358
    },
    {
      "date": "2022-06-30T00:00:00",
      "quarter_label": "2022-06 (Q2)",
      "revenue": 301737000,
      "gross_profit": null,
      "operating_income": null,
      "net_income": 3987000,
      "opex": 288851000,
      "cogs": null,
      "rd": null,
      "sga": 40159000,
      "fcf": 22750000,
      "ocf": 22750000,
      "capex": null,
      "gross_margin": null,
      "op_margin": null,
      "fcf_margin": 0.07539678594272496,
      "rev_growth_yoy": 0.003775756648325693,
      "rev_growth_yoy_accel": 0.024001984949363425,
      "op_leverage_ratio": Infinity,
      "fcf_margin_change": 0.05599170798490326
    },
    {
      "date": "2022-09-30T00:00:00",
      "quarter_label": "2022-09 (Q3)",
      "revenue": 307270000,
      "gross_profit": null,
      "operating_income": null,
      "net_income": 16518000,
      "opex": 296584000,
      "cogs": null,
      "rd": null,
      "sga": 41146000,
      "fcf": -17570000,
      "ocf": -17570000,
      "capex": null,
      "gross_margin": null,
      "op_margin": null,
      "fcf_margin": -0.05718098089628015,
      "rev_growth_yoy": 0.018853785346702744,
      "rev_growth_yoy_accel": 0.015078028698377051,
      "op_leverage_ratio": 0.6849485763819142,
      "fcf_margin_change": -0.1325777668390051
    },
    {
      "date": "2022-12-31T00:00:00",
      "quarter_label": "2022-12 (Q4)",
      "revenue": 313562000,
      "gross_profit": null,
      "operating_income": null,
      "net_income": -6977000,
      "opex": 303057000,
      "cogs": null,
      "rd": null,
      "sga": null,
      "fcf": -18484000,
      "ocf": -18484000,
      "capex": null,
      "gross_margin": null,
      "op_margin": null,
      "fcf_margin": -0.05894846952117922,
      "rev_growth_yoy": 0.06069636931320382,
      "rev_growth_yoy_accel": 0.041842583966501076,
      "op_leverage_ratio": 0.9382329148502032,
      "fcf_margin_change": -0.0017674886248990745
    },
    {
      "date": "2023-03-31T00:00:00",
      "quarter_label": "2023-03 (Q1)",
      "revenue": 302022000,
      "gross_profit": null,
      "operating_income": null,
      "net_income": -1522000,
      "opex": 300329000,
      "cogs": null,
      "rd": null,
      "sga": 46730000,
      "fcf": 6615000,
      "ocf": 6615000,
      "capex": null,
      "gross_margin": null,
      "op_margin": null,
      "fcf_margin": 0.02190237797246558,
      "rev_growth_yoy": 0.05088048323063059,
      "rev_growth_yoy_accel": -0.009815886082573229,
      "fcf_margin_change": 0.0808508474936448
    },
    {
      "date": "2023-06-30T00:00:00",
      "quarter_label": "2023-06 (Q2)",
      "revenue": 319383000,
      "gross_profit": null,
      "operating_income": null,
      "net_income": -1637000,
      "opex": 311924000,
      "cogs": null,
      "rd": null,
      "sga": 44616000,
      "fcf": 18210000,
      "ocf": 18210000,
      "capex": null,
      "gross_margin": null,
      "op_margin": null,
      "fcf_margin": 0.05701618433041208,
      "rev_growth_yoy": 0.05848139273605822,
      "rev_growth_yoy_accel": 0.007600909505427633,
      "op_leverage_ratio": 1.4888902124390533,
      "fcf_margin_change": 0.035113806357946496
    },
    {
      "date": "2023-09-30T00:00:00",
      "quarter_label": "2023-09 (Q3)",
      "revenue": 338090000,
      "gross_profit": null,
      "operating_income": null,
      "net_income": 4317000,
      "opex": 313374000,
      "cogs": null,
      "rd": null,
      "sga": 46256000,
      "fcf": 16711000,
      "ocf": 16711000,
      "capex": null,
      "gross_margin": null,
      "op_margin": null,
      "fcf_margin": 0.049427667189209976,
      "rev_growth_yoy": 0.10030266540827286,
      "rev_growth_yoy_accel": 0.04182127267221464,
      "op_leverage_ratio": 12.60007527013022,
      "fcf_margin_change": -0.007588517141202102
    },
    {
      "date": "2023-12-31T00:00:00",
      "quarter_label": "2023-12 (Q4)",
      "revenue": 337934000,
      "gross_profit": null,
      "operating_income": null,
      "net_income": -7938000,
      "opex": 319328000,
      "cogs": null,
      "rd": null,
      "sga": 44143000,
      "fcf": -9499000,
      "ocf": -9499000,
      "capex": null,
      "gross_margin": null,
      "op_margin": null,
      "fcf_margin": -0.028109039043126765,
      "rev_growth_yoy": 0.07772625509468623,
      "rev_growth_yoy_accel": -0.022576410313586634,
      "fcf_margin_change": -0.07753670623233674
    },
    {
      "date": "2024-03-31T00:00:00",
      "quarter_label": "2024-03 (Q1)",
      "revenue": 337094000,
      "gross_profit": null,
      "operating_income": 22829000,
      "net_income": 6605000,
      "opex": 315571000,
      "cogs": null,
      "rd": null,
      "sga": 43347000,
      "fcf": 26679000,
      "ocf": 26679000,
      "capex": null,
      "gross_margin": null,
      "op_margin": 0.06772294968169117,
      "fcf_margin": 0.07914409630548155,
      "rev_growth_yoy": 0.11612399096754542,
      "rev_growth_yoy_accel": 0.03839773587285919,
      "fcf_margin_change": 0.10725313534860832
    },
    {
      "date": "2024-06-30T00:00:00",
      "quarter_label": "2024-06 (Q2)",
      "revenue": 359749000,
      "gross_profit": null,
      "operating_income": 44762000,
      "net_income": 28157000,
      "opex": 315414000,
      "cogs": null,
      "rd": null,
      "sga": 44933000,
      "fcf": 33665000,
      "ocf": 33665000,
      "capex": null,
      "gross_margin": null,
      "op_margin": 0.12442564121095541,
      "fcf_margin": 0.09357913434088767,
      "rev_growth_yoy": 0.12638744078426215,
      "rev_growth_yoy_accel": 0.01026344981671673,
      "op_leverage_ratio": Infinity,
      "fcf_margin_change": 0.01443503803540612
    },
    {
      "date": "2024-09-30T00:00:00",
      "quarter_label": "2024-09 (Q3)",
      "revenue": 365122000,
      "gross_profit": null,
      "operating_income": 33213000,
      "net_income": 28242000,
      "opex": 331986000,
      "cogs": null,
      "rd": null,
      "sga": 42898000,
      "fcf": 66022000,
      "ocf": 66022000,
      "capex": null,
      "gross_margin": null,
      "op_margin": 0.09096411610365851,
      "fcf_margin": 0.18082175272922474,
      "rev_growth_yoy": 0.07995504155698187,
      "rev_growth_yoy_accel": -0.04643239922728028,
      "op_leverage_ratio": 0.2842649318883365,
      "fcf_margin_change": 0.08724261838833706
    },
    {
      "date": "2024-12-31T00:00:00",
      "quarter_label": "2024-12 (Q4)",
      "revenue": 353526000,
      "gross_profit": null,
      "operating_income": 31804000,
      "net_income": 31793000,
      "opex": 322984000,
      "cogs": null,
      "rd": null,
      "sga": null,
      "fcf": 51054000,
      "ocf": 51054000,
      "capex": null,
      "gross_margin": null,
      "op_margin": 0.08996226585880529,
      "fcf_margin": 0.1444137064883488,
      "rev_growth_yoy": 0.04613918694182888,
      "rev_growth_yoy_accel": -0.03381585461515299,
      "fcf_margin_change": -0.03640804624087593
    },
    {
      "date": "2025-03-31T00:00:00",
      "quarter_label": "2025-03 (Q1)",
      "revenue": 350530000,
      "gross_profit": null,
      "operating_income": 33548000,
      "net_income": 27359000,
      "opex": 317126000,
      "cogs": null,
      "rd": null,
      "sga": null,
      "fcf": -603000,
      "ocf": -603000,
      "capex": null,
      "gross_margin": null,
      "op_margin": 0.09570650158331669,
      "fcf_margin": -0.0017202521895415513,
      "incr_op_margin_yoy": 0.7977820779994046,
      "rev_growth_yoy": 0.039858318451233186,
      "rev_growth_yoy_accel": -0.006280868490595691,
      "fcf_margin_change": -0.14613395867789036
    },
    {
      "date": "2025-06-30T00:00:00",
      "quarter_label": "2025-06 (Q2)",
      "revenue": 376429000,
      "gross_profit": null,
      "operating_income": 42640000,
      "net_income": 31748000,
      "opex": 340178000,
      "cogs": null,
      "rd": null,
      "sga": null,
      "fcf": 99039000,
      "ocf": 99039000,
      "capex": null,
      "gross_margin": null,
      "op_margin": 0.11327501334913091,
      "fcf_margin": 0.2631014082336908,
      "incr_op_margin_yoy": -0.12721822541966427,
      "rev_growth_yoy": 0.046365660502183464,
      "rev_growth_yoy_accel": 0.006507342050950278,
      "op_leverage_ratio": 1.0164383477727108,
      "fcf_margin_change": 0.26482166042323235
    },
    {
      "date": "2025-09-30T00:00:00",
      "quarter_label": "2025-09 (Q3)",
      "revenue": 386289000,
      "gross_profit": null,
      "operating_income": 50535000,
      "net_income": 51544000,
      "opex": 343997000,
      "cogs": null,
      "rd": null,
      "sga": null,
      "fcf": 23057000,
      "ocf": 23057000,
      "capex": null,
      "gross_margin": null,
      "op_margin": 0.13082174227068336,
      "fcf_margin": 0.05968847158474613,
      "incr_op_margin_yoy": 0.8183493173335853,
      "rev_growth_yoy": 0.05797240374450184,
      "rev_growth_yoy_accel": 0.011606743242318376,
      "op_leverage_ratio": 2.333191609974071,
      "fcf_margin_change": -0.2034129366489447
    }
  ],
  "signals": [
    {
      "quarter": "2025-09 (Q3)",
      "signal": "OPERATING LEVERAGE",
      "detail": "Rev growth +2.6% vs OpEx growth +1.1% (leverage: 2.3x)",
      "severity": "MEDIUM"
    },
    {
      "quarter": "2025-09 (Q3)",
      "signal": "INCREMENTAL MARGIN (YoY)",
      "detail": "YoY Incr OPM: +81.8% vs year-ago OPM: +9.1%",
      "severity": "HIGH"
    },
    {
      "quarter": "2025-06 (Q2)",
      "signal": "FCF TURNED POSITIVE",
      "detail": "FCF margin: -0.2% -> +26.3%",
      "severity": "HIGH"
    },
    {
      "quarter": "2025-03 (Q1)",
      "signal": "INCREMENTAL MARGIN (YoY)",
      "detail": "YoY Incr OPM: +79.8% vs year-ago OPM: +6.8%",
      "severity": "HIGH"
    },
    {
      "quarter": "2024-09 (Q3)",
      "signal": "FCF MARGIN EXPANSION",
      "detail": "FCF margin: +9.4% -> +18.1% (+8.7%)",
      "severity": "MEDIUM"
    },
    {
      "quarter": "2024-03 (Q1)",
      "signal": "FCF TURNED POSITIVE",
      "detail": "FCF margin: -2.8% -> +7.9%",
      "severity": "HIGH"
    },
    {
      "quarter": "2023-09 (Q3)",
      "signal": "OPERATING LEVERAGE",
      "detail": "Rev growth +5.9% vs OpEx growth +0.5% (leverage: 12.6x)",
      "severity": "MEDIUM"
    },
    {
      "quarter": "2023-03 (Q1)",
      "signal": "FCF TURNED POSITIVE",
      "detail": "FCF margin: -5.9% -> +2.2%",
      "severity": "HIGH"
    },
    {
      "quarter": "2022-06 (Q2)",
      "signal": "FCF MARGIN EXPANSION",
      "detail": "FCF margin: +1.9% -> +7.5% (+5.6%)",
      "severity": "MEDIUM"
    }
  ],
  "data_quality": {
    "n_quarters": 20,
    "coverage": {
      "revenue": [
        20,
        20
      ],
      "gross_profit": [
        0,
        20
      ],
      "op_income": [
        7,
        20
      ],
      "fcf": [
        20,
        20
      ]
    },
    "gaps": [],
    "warnings": [
      "gross_profit: no data",
      "op_income: 7/20Q"
    ]
  },
  "market_cap": null,
  "source": "SEC EDGAR",
  "last_updated": "2026-02-02T21:53:42.375183"
}