{
  "ticker": "VTR",
  "name": "Ventas,\u00a0Inc.",
  "sector": "Real Estate",
  "industry": "REIT - Healthcare Facilities",
  "quarters": [
    {
      "date": "2021-03-31T00:00:00",
      "quarter_label": "2021-03 (Q1)",
      "revenue": 910291000,
      "gross_profit": null,
      "operating_income": null,
      "net_income": null,
      "opex": 965819000,
      "cogs": null,
      "rd": null,
      "sga": null,
      "fcf": 237593000,
      "ocf": 237593000,
      "capex": null,
      "gross_margin": null,
      "op_margin": null,
      "fcf_margin": 0.26100774367757124
    },
    {
      "date": "2021-06-30T00:00:00",
      "quarter_label": "2021-06 (Q2)",
      "revenue": 919194000,
      "gross_profit": null,
      "operating_income": null,
      "net_income": null,
      "opex": 873290000,
      "cogs": null,
      "rd": null,
      "sga": null,
      "fcf": 291263000,
      "ocf": 291263000,
      "capex": null,
      "gross_margin": null,
      "op_margin": null,
      "fcf_margin": 0.3168678211563609,
      "fcf_margin_change": 0.05586007747878968
    },
    {
      "date": "2021-09-30T00:00:00",
      "quarter_label": "2021-09 (Q3)",
      "revenue": 976078000,
      "gross_profit": null,
      "operating_income": null,
      "net_income": null,
      "opex": 1062588000,
      "cogs": null,
      "rd": null,
      "sga": null,
      "fcf": 231459000,
      "ocf": 231459000,
      "capex": null,
      "gross_margin": null,
      "op_margin": null,
      "fcf_margin": 0.23713166365802732,
      "op_leverage_ratio": 0.28549296334386676,
      "fcf_margin_change": -0.0797361574983336
    },
    {
      "date": "2021-12-31T00:00:00",
      "quarter_label": "2021-12 (Q4)",
      "revenue": 1022444000,
      "gross_profit": null,
      "operating_income": null,
      "net_income": null,
      "opex": 1088695000,
      "cogs": null,
      "rd": null,
      "sga": null,
      "fcf": 265801000,
      "ocf": 265801000,
      "capex": null,
      "gross_margin": null,
      "op_margin": null,
      "fcf_margin": 0.25996631600361486,
      "op_leverage_ratio": 1.9334059220261377,
      "fcf_margin_change": 0.02283465234558754
    },
    {
      "date": "2022-03-31T00:00:00",
      "quarter_label": "2022-03 (Q1)",
      "revenue": 1017554000,
      "gross_profit": null,
      "operating_income": null,
      "net_income": null,
      "opex": 979638000,
      "cogs": null,
      "rd": null,
      "sga": null,
      "fcf": 274553000,
      "ocf": 274553000,
      "capex": null,
      "gross_margin": null,
      "op_margin": null,
      "fcf_margin": 0.2698166387238417,
      "rev_growth_yoy": 0.11783374766970123,
      "fcf_margin_change": 0.009850322720226845
    },
    {
      "date": "2022-06-30T00:00:00",
      "quarter_label": "2022-06 (Q2)",
      "revenue": 1022938000,
      "gross_profit": null,
      "operating_income": null,
      "net_income": null,
      "opex": 1066849000,
      "cogs": null,
      "rd": null,
      "sga": null,
      "fcf": 278079000,
      "ocf": 278079000,
      "capex": null,
      "gross_margin": null,
      "op_margin": null,
      "fcf_margin": 0.27184345483303973,
      "rev_growth_yoy": 0.11286409615380431,
      "rev_growth_yoy_accel": -0.004969651515896914,
      "fcf_margin_change": 0.0020268161091980263
    },
    {
      "date": "2022-09-30T00:00:00",
      "quarter_label": "2022-09 (Q3)",
      "revenue": 1037276000,
      "gross_profit": null,
      "operating_income": null,
      "net_income": null,
      "opex": 1042346000,
      "cogs": null,
      "rd": null,
      "sga": null,
      "fcf": 300278000,
      "ocf": 300278000,
      "capex": null,
      "gross_margin": null,
      "op_margin": null,
      "fcf_margin": 0.28948707962008186,
      "rev_growth_yoy": 0.06269785816297468,
      "rev_growth_yoy_accel": -0.05016623799082963,
      "op_leverage_ratio": null,
      "fcf_margin_change": 0.017643624787042123
    },
    {
      "date": "2022-12-31T00:00:00",
      "quarter_label": "2022-12 (Q4)",
      "revenue": 1051425000,
      "gross_profit": null,
      "operating_income": null,
      "net_income": null,
      "opex": 1134497000,
      "cogs": null,
      "rd": null,
      "sga": null,
      "fcf": 267253000,
      "ocf": 267253000,
      "capex": null,
      "gross_margin": null,
      "op_margin": null,
      "fcf_margin": 0.2541817057802506,
      "rev_growth_yoy": 0.02834482866543302,
      "rev_growth_yoy_accel": -0.03435302949754167,
      "op_leverage_ratio": 0.15429195032598533,
      "fcf_margin_change": -0.03530537383983123
    },
    {
      "date": "2023-03-31T00:00:00",
      "quarter_label": "2023-03 (Q1)",
      "revenue": 1077245000,
      "gross_profit": null,
      "operating_income": null,
      "net_income": null,
      "opex": 1065713000,
      "cogs": null,
      "rd": null,
      "sga": null,
      "fcf": 242817000,
      "ocf": 242817000,
      "capex": null,
      "gross_margin": null,
      "op_margin": null,
      "fcf_margin": 0.22540554841284943,
      "rev_growth_yoy": 0.05866126023778591,
      "rev_growth_yoy_accel": 0.03031643157235289,
      "op_leverage_ratio": null,
      "fcf_margin_change": -0.02877615736740119
    },
    {
      "date": "2023-06-30T00:00:00",
      "quarter_label": "2023-06 (Q2)",
      "revenue": 1106358000,
      "gross_profit": null,
      "operating_income": null,
      "net_income": null,
      "opex": 1043724000,
      "cogs": null,
      "rd": null,
      "sga": null,
      "fcf": 311827000,
      "ocf": 311827000,
      "capex": null,
      "gross_margin": null,
      "op_margin": null,
      "fcf_margin": 0.28184999792110693,
      "rev_growth_yoy": 0.0815494194174036,
      "rev_growth_yoy_accel": 0.022888159179617687,
      "op_leverage_ratio": null,
      "fcf_margin_change": 0.0564444495082575
    },
    {
      "date": "2023-09-30T00:00:00",
      "quarter_label": "2023-09 (Q3)",
      "revenue": 1149832000,
      "gross_profit": null,
      "operating_income": null,
      "net_income": null,
      "opex": 1226645000,
      "cogs": null,
      "rd": null,
      "sga": null,
      "fcf": 286145000,
      "ocf": 286145000,
      "capex": null,
      "gross_margin": null,
      "op_margin": null,
      "fcf_margin": 0.24885809405200063,
      "rev_growth_yoy": 0.10851113879044728,
      "rev_growth_yoy_accel": 0.026961719373043688,
      "op_leverage_ratio": 0.22421053942980865,
      "fcf_margin_change": -0.032991903869106304
    },
    {
      "date": "2023-12-31T00:00:00",
      "quarter_label": "2023-12 (Q4)",
      "revenue": 1164392000,
      "gross_profit": null,
      "operating_income": null,
      "net_income": null,
      "opex": 1277326000,
      "cogs": null,
      "rd": null,
      "sga": null,
      "fcf": 279084000,
      "ocf": 279084000,
      "capex": null,
      "gross_margin": null,
      "op_margin": null,
      "fcf_margin": 0.23968216889157604,
      "rev_growth_yoy": 0.10744180516917516,
      "rev_growth_yoy_accel": -0.0010693336212721227,
      "op_leverage_ratio": 0.30647898555802955,
      "fcf_margin_change": -0.009175925160424592
    },
    {
      "date": "2024-03-31T00:00:00",
      "quarter_label": "2024-03 (Q1)",
      "revenue": 1199914000,
      "gross_profit": null,
      "operating_income": null,
      "net_income": null,
      "opex": 1207416000,
      "cogs": null,
      "rd": null,
      "sga": null,
      "fcf": 266448000,
      "ocf": 266448000,
      "capex": null,
      "gross_margin": null,
      "op_margin": null,
      "fcf_margin": 0.2220559140071705,
      "rev_growth_yoy": 0.1138728887114816,
      "rev_growth_yoy_accel": 0.00643108354230644,
      "op_leverage_ratio": null,
      "fcf_margin_change": -0.01762625488440553
    },
    {
      "date": "2024-06-30T00:00:00",
      "quarter_label": "2024-06 (Q2)",
      "revenue": 1200980000,
      "gross_profit": null,
      "operating_income": null,
      "net_income": null,
      "opex": 1220064000,
      "cogs": null,
      "rd": null,
      "sga": null,
      "fcf": 335872000,
      "ocf": 335872000,
      "capex": null,
      "gross_margin": null,
      "op_margin": null,
      "fcf_margin": 0.279664940298756,
      "rev_growth_yoy": 0.08552566167551552,
      "rev_growth_yoy_accel": -0.02834722703596608,
      "fcf_margin_change": 0.057609026291585486
    },
    {
      "date": "2024-09-30T00:00:00",
      "quarter_label": "2024-09 (Q3)",
      "revenue": 1236315000,
      "gross_profit": null,
      "operating_income": null,
      "net_income": null,
      "opex": 1217217000,
      "cogs": null,
      "rd": null,
      "sga": null,
      "fcf": 353664000,
      "ocf": 353664000,
      "capex": null,
      "gross_margin": null,
      "op_margin": null,
      "fcf_margin": 0.28606301792019023,
      "rev_growth_yoy": 0.07521359642104238,
      "rev_growth_yoy_accel": -0.010312065254473146,
      "op_leverage_ratio": null,
      "fcf_margin_change": 0.006398077621434239
    },
    {
      "date": "2024-12-31T00:00:00",
      "quarter_label": "2024-12 (Q4)",
      "revenue": 1287057000,
      "gross_profit": null,
      "operating_income": null,
      "net_income": null,
      "opex": 1287565000,
      "cogs": null,
      "rd": null,
      "sga": null,
      "fcf": 373641000,
      "ocf": 373641000,
      "capex": null,
      "gross_margin": null,
      "op_margin": null,
      "fcf_margin": 0.29030648992235775,
      "rev_growth_yoy": 0.10534682478065806,
      "rev_growth_yoy_accel": 0.030133228359615682,
      "op_leverage_ratio": 0.7101575306821853,
      "fcf_margin_change": 0.004243472002167514
    },
    {
      "date": "2025-03-31T00:00:00",
      "quarter_label": "2025-03 (Q1)",
      "revenue": 1358074000,
      "gross_profit": null,
      "operating_income": null,
      "net_income": null,
      "opex": 1317133000,
      "cogs": null,
      "rd": null,
      "sga": null,
      "fcf": 321144000,
      "ocf": 321144000,
      "capex": null,
      "gross_margin": null,
      "op_margin": null,
      "fcf_margin": 0.23647017761918718,
      "rev_growth_yoy": 0.13180944634365463,
      "rev_growth_yoy_accel": 0.02646262156299657,
      "op_leverage_ratio": 2.4027675301936866,
      "fcf_margin_change": -0.05383631230317057
    },
    {
      "date": "2025-06-30T00:00:00",
      "quarter_label": "2025-06 (Q2)",
      "revenue": 1420893000,
      "gross_profit": null,
      "operating_income": null,
      "net_income": null,
      "opex": 1378235000,
      "cogs": null,
      "rd": null,
      "sga": null,
      "fcf": 475338000,
      "ocf": 475338000,
      "capex": null,
      "gross_margin": null,
      "op_margin": null,
      "fcf_margin": 0.3345346905080115,
      "rev_growth_yoy": 0.18311129244450366,
      "rev_growth_yoy_accel": 0.051301846100849036,
      "op_leverage_ratio": 0.997107054477824,
      "fcf_margin_change": 0.09806451288882431
    },
    {
      "date": "2025-09-30T00:00:00",
      "quarter_label": "2025-09 (Q3)",
      "revenue": 1488996000,
      "gross_profit": null,
      "operating_income": null,
      "net_income": null,
      "opex": 1444560000,
      "cogs": null,
      "rd": null,
      "sga": null,
      "fcf": 378581000,
      "ocf": 378581000,
      "capex": null,
      "gross_margin": null,
      "op_margin": null,
      "fcf_margin": 0.25425252989262564,
      "rev_growth_yoy": 0.20438237827738076,
      "rev_growth_yoy_accel": 0.021271085832877096,
      "op_leverage_ratio": 0.9959806123410291,
      "fcf_margin_change": -0.08028216061538584
    },
    {
      "date": "2025-12-31T00:00:00",
      "quarter_label": "2025-12 (Q4)",
      "revenue": 1566017000,
      "gross_profit": null,
      "operating_income": null,
      "net_income": null,
      "opex": 1489731000,
      "cogs": null,
      "rd": null,
      "sga": null,
      "fcf": 471663000,
      "ocf": 471663000,
      "capex": null,
      "gross_margin": null,
      "op_margin": null,
      "fcf_margin": 0.30118638558840677,
      "rev_growth_yoy": 0.2167425374322971,
      "rev_growth_yoy_accel": 0.01236015915491634,
      "op_leverage_ratio": 1.6542132754256527,
      "fcf_margin_change": 0.046933855695781124
    }
  ],
  "signals": [
    {
      "quarter": "2025-12 (Q4)",
      "signal": "OPERATING LEVERAGE",
      "detail": "Rev growth +5.2% vs OpEx growth +3.1% (leverage: 1.7x)",
      "severity": "MEDIUM"
    },
    {
      "quarter": "2025-06 (Q2)",
      "signal": "FCF MARGIN EXPANSION",
      "detail": "FCF margin: +23.6% -> +33.5% (+9.8%)",
      "severity": "MEDIUM"
    },
    {
      "quarter": "2025-06 (Q2)",
      "signal": "YoY REVENUE GROWTH ACCELERATION",
      "detail": "YoY growth: +18.3% vs prior quarter YoY: +13.2% (accel: +5.1%)",
      "severity": "MEDIUM"
    },
    {
      "quarter": "2025-03 (Q1)",
      "signal": "OPERATING LEVERAGE",
      "detail": "Rev growth +5.5% vs OpEx growth +2.3% (leverage: 2.4x)",
      "severity": "MEDIUM"
    },
    {
      "quarter": "2024-06 (Q2)",
      "signal": "FCF MARGIN EXPANSION",
      "detail": "FCF margin: +22.2% -> +28.0% (+5.8%)",
      "severity": "MEDIUM"
    },
    {
      "quarter": "2023-06 (Q2)",
      "signal": "FCF MARGIN EXPANSION",
      "detail": "FCF margin: +22.5% -> +28.2% (+5.6%)",
      "severity": "MEDIUM"
    },
    {
      "quarter": "2022-09 (Q3)",
      "signal": "YoY REVENUE GROWTH DECELERATION",
      "detail": "YoY growth: +6.3% vs prior quarter YoY: +11.3% (decel: -5.0%)",
      "severity": "WARNING"
    },
    {
      "quarter": "2021-12 (Q4)",
      "signal": "OPERATING LEVERAGE",
      "detail": "Rev growth +4.8% vs OpEx growth +2.5% (leverage: 1.9x)",
      "severity": "MEDIUM"
    },
    {
      "quarter": "2021-06 (Q2)",
      "signal": "FCF MARGIN EXPANSION",
      "detail": "FCF margin: +26.1% -> +31.7% (+5.6%)",
      "severity": "MEDIUM"
    }
  ],
  "data_quality": {
    "n_quarters": 20,
    "coverage": {
      "revenue": [
        20,
        20
      ],
      "gross_profit": [
        0,
        20
      ],
      "op_income": [
        0,
        20
      ],
      "fcf": [
        20,
        20
      ]
    },
    "gaps": [],
    "warnings": [
      "gross_profit: no data",
      "op_income: no data"
    ]
  },
  "market_cap": null,
  "source": "SEC EDGAR",
  "last_updated": "2026-02-09T19:10:41.751741"
}