{
  "ticker": "VTS",
  "name": "Vitesse Energy, Inc.",
  "quarters": [
    {
      "date": "2022-03-31T00:00:00",
      "quarter_label": "2022-03 (Q1)",
      "revenue": 64979000,
      "gross_profit": null,
      "operating_income": 30366000,
      "net_income": -7157000,
      "opex": 34613000,
      "cogs": null,
      "rd": null,
      "sga": null,
      "fcf": 25605000,
      "ocf": 25605000,
      "capex": null,
      "gross_margin": null,
      "op_margin": 0.4673202111451392,
      "fcf_margin": 0.3940503855091645
    },
    {
      "date": "2022-06-30T00:00:00",
      "quarter_label": "2022-06 (Q2)",
      "revenue": 78797000,
      "gross_profit": null,
      "operating_income": 29351000,
      "net_income": 16752000,
      "opex": 49446000,
      "cogs": null,
      "rd": null,
      "sga": null,
      "fcf": 31921000,
      "ocf": 31921000,
      "capex": null,
      "gross_margin": null,
      "op_margin": 0.3724888003350381,
      "fcf_margin": 0.4051042552381436,
      "op_leverage_ratio": 0.49622930778645363,
      "fcf_margin_change": 0.011053869728979093
    },
    {
      "date": "2022-09-30T00:00:00",
      "quarter_label": "2022-09 (Q3)",
      "revenue": 77098000,
      "gross_profit": null,
      "operating_income": 55946000,
      "net_income": 85739000,
      "opex": 21152000,
      "cogs": null,
      "rd": null,
      "sga": null,
      "fcf": 52600000,
      "ocf": 52600000,
      "capex": null,
      "gross_margin": null,
      "op_margin": 0.7256478767283198,
      "fcf_margin": 0.6822485667591897,
      "fcf_margin_change": 0.27714431152104607
    },
    {
      "date": "2022-12-31T00:00:00",
      "quarter_label": "2022-12 (Q4)",
      "revenue": 79196000,
      "gross_profit": null,
      "operating_income": 38203000,
      "net_income": 23569000,
      "opex": 40993000,
      "cogs": null,
      "rd": null,
      "sga": null,
      "fcf": 36915000,
      "ocf": 36915000,
      "capex": null,
      "gross_margin": null,
      "op_margin": 0.4823854740138391,
      "fcf_margin": 0.4661220263649679,
      "op_leverage_ratio": 0.029010168571341418,
      "fcf_margin_change": -0.21612654039422174
    },
    {
      "date": "2023-03-31T00:00:00",
      "quarter_label": "2023-03 (Q1)",
      "revenue": 57961000,
      "gross_profit": null,
      "operating_income": -13680000,
      "net_income": -47815000,
      "opex": 71641000,
      "cogs": null,
      "rd": null,
      "sga": null,
      "fcf": 39213000,
      "ocf": 39213000,
      "capex": null,
      "gross_margin": null,
      "op_margin": -0.23602077258846466,
      "fcf_margin": 0.6765411224789082,
      "incr_op_margin_yoy": 6.276147050441721,
      "rev_growth_yoy": -0.10800412440942458,
      "fcf_margin_change": 0.21041909611394027
    },
    {
      "date": "2023-06-30T00:00:00",
      "quarter_label": "2023-06 (Q2)",
      "revenue": 51588000,
      "gross_profit": null,
      "operating_income": 12716000,
      "net_income": 9620000,
      "opex": 38872000,
      "cogs": null,
      "rd": null,
      "sga": null,
      "fcf": 39030000,
      "ocf": 39030000,
      "capex": null,
      "gross_margin": null,
      "op_margin": 0.24649143211599597,
      "fcf_margin": 0.7565712956501512,
      "incr_op_margin_yoy": 0.6113785879672168,
      "rev_growth_yoy": -0.3453050243029557,
      "rev_growth_yoy_accel": -0.2373008998935311,
      "fcf_margin_change": 0.08003017317124306
    },
    {
      "date": "2023-09-30T00:00:00",
      "quarter_label": "2023-09 (Q3)",
      "revenue": 55054000,
      "gross_profit": null,
      "operating_income": 15938000,
      "net_income": -1466000,
      "opex": 39116000,
      "cogs": null,
      "rd": null,
      "sga": null,
      "fcf": 32060000,
      "ocf": 32060000,
      "capex": null,
      "gross_margin": null,
      "op_margin": 0.28949758419006794,
      "fcf_margin": 0.5823373415192357,
      "incr_op_margin_yoy": 1.8149156232988568,
      "rev_growth_yoy": -0.2859218137954292,
      "rev_growth_yoy_accel": 0.059383210507526485,
      "op_leverage_ratio": 10.70352744379491,
      "fcf_margin_change": -0.17423395413091558
    },
    {
      "date": "2023-12-31T00:00:00",
      "quarter_label": "2023-12 (Q4)",
      "revenue": 69303000,
      "gross_profit": null,
      "operating_income": 19882000,
      "net_income": 19917000,
      "opex": 49421000,
      "cogs": null,
      "rd": null,
      "sga": null,
      "fcf": 31639000,
      "ocf": 31639000,
      "capex": null,
      "gross_margin": null,
      "op_margin": 0.2868851276279526,
      "fcf_margin": 0.4565314632844177,
      "incr_op_margin_yoy": 1.8519154958051147,
      "rev_growth_yoy": -0.12491792514773474,
      "rev_growth_yoy_accel": 0.16100388864769444,
      "op_leverage_ratio": 0.9824307542819721,
      "fcf_margin_change": -0.12580587823481798
    },
    {
      "date": "2024-03-31T00:00:00",
      "quarter_label": "2024-03 (Q1)",
      "revenue": 61193000,
      "gross_profit": null,
      "operating_income": 13079000,
      "net_income": -2186000,
      "opex": 48114000,
      "cogs": null,
      "rd": null,
      "sga": null,
      "fcf": 39419000,
      "ocf": 39419000,
      "capex": null,
      "gross_margin": null,
      "op_margin": 0.21373359698004674,
      "fcf_margin": 0.6441749873351527,
      "incr_op_margin_yoy": 8.279393564356436,
      "rev_growth_yoy": 0.055761632822070015,
      "rev_growth_yoy_accel": 0.18067955796980475,
      "fcf_margin_change": 0.18764352405073498
    },
    {
      "date": "2024-06-30T00:00:00",
      "quarter_label": "2024-06 (Q2)",
      "revenue": 66598000,
      "gross_profit": null,
      "operating_income": 16814000,
      "net_income": 10928000,
      "opex": 49784000,
      "cogs": null,
      "rd": null,
      "sga": null,
      "fcf": 35161000,
      "ocf": 35161000,
      "capex": null,
      "gross_margin": null,
      "op_margin": 0.2524700441454698,
      "fcf_margin": 0.5279587975614883,
      "incr_op_margin_yoy": 0.27301798800799465,
      "rev_growth_yoy": 0.29095913778398075,
      "rev_growth_yoy_accel": 0.23519750496191072,
      "op_leverage_ratio": 2.5447724001933216,
      "fcf_margin_change": -0.11621618977366432
    },
    {
      "date": "2024-09-30T00:00:00",
      "quarter_label": "2024-09 (Q3)",
      "revenue": 58280000,
      "gross_profit": null,
      "operating_income": 8981000,
      "net_income": 17442000,
      "opex": 49299000,
      "cogs": null,
      "rd": null,
      "sga": null,
      "fcf": 45729000,
      "ocf": 45729000,
      "capex": null,
      "gross_margin": null,
      "op_margin": 0.15410089224433768,
      "fcf_margin": 0.784643102264928,
      "incr_op_margin_yoy": -2.1565406075635463,
      "rev_growth_yoy": 0.058597013840956155,
      "rev_growth_yoy_accel": -0.23236212394302458,
      "fcf_margin_change": 0.2566843047034396
    },
    {
      "date": "2024-12-31T00:00:00",
      "quarter_label": "2024-12 (Q4)",
      "revenue": 55926000,
      "gross_profit": null,
      "operating_income": 2097000,
      "net_income": -5125000,
      "opex": 53829000,
      "cogs": null,
      "rd": null,
      "sga": null,
      "fcf": 34694000,
      "ocf": 34694000,
      "capex": null,
      "gross_margin": null,
      "op_margin": 0.03749597682652076,
      "fcf_margin": 0.6203554697278547,
      "incr_op_margin_yoy": 1.3295208193167376,
      "rev_growth_yoy": -0.19302194710185705,
      "rev_growth_yoy_accel": -0.2516189609428132,
      "fcf_margin_change": -0.16428763253707324
    },
    {
      "date": "2025-03-31T00:00:00",
      "quarter_label": "2025-03 (Q1)",
      "revenue": 66171000,
      "gross_profit": null,
      "operating_income": 5380000,
      "net_income": 2668000,
      "opex": 60791000,
      "cogs": null,
      "rd": null,
      "sga": null,
      "fcf": 17489000,
      "ocf": 17489000,
      "capex": null,
      "gross_margin": null,
      "op_margin": 0.08130449894969095,
      "fcf_margin": 0.2643000710280939,
      "incr_op_margin_yoy": -1.5466050622740055,
      "rev_growth_yoy": 0.08134917392512216,
      "rev_growth_yoy_accel": 0.2743711210269792,
      "op_leverage_ratio": 1.4163823208003872,
      "fcf_margin_change": -0.35605539869976083
    },
    {
      "date": "2025-06-30T00:00:00",
      "quarter_label": "2025-06 (Q2)",
      "revenue": 81755000,
      "gross_profit": null,
      "operating_income": 18656000,
      "net_income": 24659000,
      "opex": 63099000,
      "cogs": null,
      "rd": null,
      "sga": null,
      "fcf": 66016000,
      "ocf": 66016000,
      "capex": null,
      "gross_margin": null,
      "op_margin": 0.22819399425111614,
      "fcf_margin": 0.8074857806861966,
      "incr_op_margin_yoy": 0.12152800686151613,
      "rev_growth_yoy": 0.2275894170996126,
      "rev_growth_yoy_accel": 0.14624024317449047,
      "op_leverage_ratio": 6.203184873642988,
      "fcf_margin_change": 0.5431857096581028
    },
    {
      "date": "2025-09-30T00:00:00",
      "quarter_label": "2025-09 (Q3)",
      "revenue": 67443000,
      "gross_profit": null,
      "operating_income": 108000,
      "net_income": -1311000,
      "opex": 67335000,
      "cogs": null,
      "rd": null,
      "sga": null,
      "fcf": 49404000,
      "ocf": 49404000,
      "capex": null,
      "gross_margin": null,
      "op_margin": 0.001601352253013656,
      "fcf_margin": 0.7325296917396913,
      "incr_op_margin_yoy": -0.9683509767543381,
      "rev_growth_yoy": 0.15722374742621825,
      "rev_growth_yoy_accel": -0.07036566967339436,
      "fcf_margin_change": -0.0749560889465053
    }
  ],
  "signals": [
    {
      "quarter": "2025-09 (Q3)",
      "signal": "YoY REVENUE GROWTH DECELERATION",
      "detail": "YoY growth: +15.7% vs prior quarter YoY: +22.8% (decel: -7.0%)",
      "severity": "WARNING"
    },
    {
      "quarter": "2025-06 (Q2)",
      "signal": "FCF MARGIN EXPANSION",
      "detail": "FCF margin: +26.4% -> +80.7% (+54.3%)",
      "severity": "MEDIUM"
    },
    {
      "quarter": "2025-06 (Q2)",
      "signal": "OPERATING LEVERAGE",
      "detail": "Rev growth +23.6% vs OpEx growth +3.8% (leverage: 6.2x)",
      "severity": "MEDIUM"
    },
    {
      "quarter": "2025-06 (Q2)",
      "signal": "YoY REVENUE GROWTH ACCELERATION",
      "detail": "YoY growth: +22.8% vs prior quarter YoY: +8.1% (accel: +14.6%)",
      "severity": "MEDIUM"
    },
    {
      "quarter": "2025-03 (Q1)",
      "signal": "YoY REVENUE GROWTH ACCELERATION",
      "detail": "YoY growth: +8.1% vs prior quarter YoY: -19.3% (accel: +27.4%)",
      "severity": "HIGH"
    },
    {
      "quarter": "2024-12 (Q4)",
      "signal": "YoY REVENUE GROWTH DECELERATION",
      "detail": "YoY growth: -19.3% vs prior quarter YoY: +5.9% (decel: -25.2%)",
      "severity": "WARNING"
    },
    {
      "quarter": "2024-12 (Q4)",
      "signal": "INCREMENTAL MARGIN (YoY)",
      "detail": "YoY Incr OPM: +133.0% vs year-ago OPM: +28.7%",
      "severity": "HIGH"
    },
    {
      "quarter": "2024-09 (Q3)",
      "signal": "FCF MARGIN EXPANSION",
      "detail": "FCF margin: +52.8% -> +78.5% (+25.7%)",
      "severity": "MEDIUM"
    },
    {
      "quarter": "2024-09 (Q3)",
      "signal": "YoY REVENUE GROWTH DECELERATION",
      "detail": "YoY growth: +5.9% vs prior quarter YoY: +29.1% (decel: -23.2%)",
      "severity": "WARNING"
    },
    {
      "quarter": "2024-06 (Q2)",
      "signal": "OPERATING LEVERAGE",
      "detail": "Rev growth +8.8% vs OpEx growth +3.5% (leverage: 2.5x)",
      "severity": "MEDIUM"
    },
    {
      "quarter": "2024-06 (Q2)",
      "signal": "YoY REVENUE GROWTH ACCELERATION",
      "detail": "YoY growth: +29.1% vs prior quarter YoY: +5.6% (accel: +23.5%)",
      "severity": "HIGH"
    },
    {
      "quarter": "2024-03 (Q1)",
      "signal": "FCF MARGIN EXPANSION",
      "detail": "FCF margin: +45.7% -> +64.4% (+18.8%)",
      "severity": "MEDIUM"
    },
    {
      "quarter": "2024-03 (Q1)",
      "signal": "YoY REVENUE GROWTH ACCELERATION",
      "detail": "YoY growth: +5.6% vs prior quarter YoY: -12.5% (accel: +18.1%)",
      "severity": "HIGH"
    },
    {
      "quarter": "2024-03 (Q1)",
      "signal": "OP MARGIN TURNED POSITIVE (YoY)",
      "detail": "Op margin: -23.6% (year-ago) -> +21.4%",
      "severity": "HIGH"
    },
    {
      "quarter": "2023-12 (Q4)",
      "signal": "YoY REVENUE GROWTH ACCELERATION",
      "detail": "YoY growth: -12.5% vs prior quarter YoY: -28.6% (accel: +16.1%)",
      "severity": "HIGH"
    },
    {
      "quarter": "2023-12 (Q4)",
      "signal": "INCREMENTAL MARGIN (YoY)",
      "detail": "YoY Incr OPM: +185.2% vs year-ago OPM: +48.2%",
      "severity": "HIGH"
    },
    {
      "quarter": "2023-09 (Q3)",
      "signal": "OPERATING LEVERAGE",
      "detail": "Rev growth +6.7% vs OpEx growth +0.6% (leverage: 10.7x)",
      "severity": "MEDIUM"
    },
    {
      "quarter": "2023-09 (Q3)",
      "signal": "YoY REVENUE GROWTH ACCELERATION",
      "detail": "YoY growth: -28.6% vs prior quarter YoY: -34.5% (accel: +5.9%)",
      "severity": "MEDIUM"
    },
    {
      "quarter": "2023-09 (Q3)",
      "signal": "INCREMENTAL MARGIN (YoY)",
      "detail": "YoY Incr OPM: +181.5% vs year-ago OPM: +72.6%",
      "severity": "HIGH"
    },
    {
      "quarter": "2023-06 (Q2)",
      "signal": "FCF MARGIN EXPANSION",
      "detail": "FCF margin: +67.7% -> +75.7% (+8.0%)",
      "severity": "MEDIUM"
    },
    {
      "quarter": "2023-06 (Q2)",
      "signal": "YoY REVENUE GROWTH DECELERATION",
      "detail": "YoY growth: -34.5% vs prior quarter YoY: -10.8% (decel: -23.7%)",
      "severity": "WARNING"
    },
    {
      "quarter": "2023-06 (Q2)",
      "signal": "INCREMENTAL MARGIN (YoY)",
      "detail": "YoY Incr OPM: +61.1% vs year-ago OPM: +37.2%",
      "severity": "HIGH"
    },
    {
      "quarter": "2023-06 (Q2)",
      "signal": "OP MARGIN TURNED POSITIVE (QoQ)",
      "detail": "Op margin: -23.6% -> +24.6%",
      "severity": "HIGH"
    },
    {
      "quarter": "2023-03 (Q1)",
      "signal": "FCF MARGIN EXPANSION",
      "detail": "FCF margin: +46.6% -> +67.7% (+21.0%)",
      "severity": "MEDIUM"
    },
    {
      "quarter": "2022-09 (Q3)",
      "signal": "FCF MARGIN EXPANSION",
      "detail": "FCF margin: +40.5% -> +68.2% (+27.7%)",
      "severity": "MEDIUM"
    }
  ],
  "data_quality": {
    "n_quarters": 15,
    "coverage": {
      "revenue": [
        15,
        15
      ],
      "gross_profit": [
        0,
        15
      ],
      "op_income": [
        15,
        15
      ],
      "fcf": [
        15,
        15
      ]
    },
    "gaps": [],
    "warnings": [
      "gross_profit: no data"
    ]
  },
  "market_cap": null,
  "source": "SEC EDGAR",
  "last_updated": "2026-02-02T22:09:42.821616"
}