{
  "ticker": "VVX",
  "name": "V2X, Inc.",
  "sector": "Industrials",
  "industry": "Aerospace & Defense",
  "quarters": [
    {
      "date": "2021-04-02T00:00:00",
      "quarter_label": "2021-04 (Q2)",
      "revenue": 434004000,
      "gross_profit": 40356000,
      "operating_income": 16533000,
      "net_income": 12048000,
      "opex": 23823000,
      "cogs": 393648000,
      "rd": null,
      "sga": 23823000,
      "fcf": -21729000,
      "ocf": -21729000,
      "capex": null,
      "gross_margin": 0.0929853181076672,
      "op_margin": 0.038094118948212456,
      "fcf_margin": -0.05006635883540244
    },
    {
      "date": "2021-07-02T00:00:00",
      "quarter_label": "2021-07 (Q3)",
      "revenue": 470845000,
      "gross_profit": 48185000,
      "operating_income": 22580000,
      "net_income": 15934000,
      "opex": 25605000,
      "cogs": 422660000,
      "rd": null,
      "sga": 25605000,
      "fcf": 35755000,
      "ocf": 35755000,
      "capex": null,
      "gross_margin": 0.10233728721766186,
      "op_margin": 0.04795633382535654,
      "fcf_margin": 0.07593794136074504,
      "op_leverage_ratio": 1.1348185568089073,
      "fcf_margin_change": 0.12600430019614747
    },
    {
      "date": "2021-10-01T00:00:00",
      "quarter_label": "2021-10 (Q4)",
      "revenue": 459408000,
      "gross_profit": 40508000,
      "operating_income": 12890000,
      "net_income": 10258000,
      "opex": 27618000,
      "cogs": 418900000,
      "rd": null,
      "sga": 27618000,
      "fcf": 39352000,
      "ocf": 39352000,
      "capex": null,
      "gross_margin": 0.08817434611500018,
      "op_margin": 0.028057848361369413,
      "fcf_margin": 0.08565806429143594,
      "fcf_margin_change": 0.009720122930690897
    },
    {
      "date": "2021-12-31T00:00:00",
      "quarter_label": "2021-12 (Q4)",
      "revenue": 419408000,
      "gross_profit": 31372000,
      "operating_income": 10017000,
      "net_income": 7488000,
      "opex": 21355000,
      "cogs": 388036000,
      "rd": null,
      "sga": 21355000,
      "fcf": 7961000,
      "ocf": 7961000,
      "capex": null,
      "gross_margin": 0.07480067142257658,
      "op_margin": 0.02388366459390379,
      "fcf_margin": 0.01898151680463892,
      "fcf_margin_change": -0.06667654748679702
    },
    {
      "date": "2022-04-01T00:00:00",
      "quarter_label": "2022-04 (Q2)",
      "revenue": 456471000,
      "gross_profit": 37196000,
      "operating_income": 5237000,
      "net_income": 2855000,
      "opex": 31959000,
      "cogs": 419275000,
      "rd": null,
      "sga": 31959000,
      "fcf": -26381000,
      "ocf": -26381000,
      "capex": null,
      "gross_margin": 0.08148600896880634,
      "op_margin": 0.011472798929176223,
      "fcf_margin": -0.057793375701851814,
      "incr_op_margin_yoy": -0.5027818578359372,
      "rev_growth_yoy": 0.05176680399258993,
      "op_leverage_ratio": 0.1779646382583082,
      "fcf_margin_change": -0.07677489250649074
    },
    {
      "date": "2022-07-01T00:00:00",
      "quarter_label": "2022-07 (Q3)",
      "revenue": 498066000,
      "gross_profit": 44761000,
      "operating_income": 15021000,
      "net_income": 10472000,
      "opex": 29740000,
      "cogs": 453305000,
      "rd": null,
      "sga": 29740000,
      "fcf": 46017000,
      "ocf": 46017000,
      "capex": null,
      "gross_margin": 0.0898696156734248,
      "op_margin": 0.03015865367240486,
      "fcf_margin": 0.09239136981845779,
      "incr_op_margin_yoy": -0.27769001873553506,
      "rev_growth_yoy": 0.057813080737822424,
      "rev_growth_yoy_accel": 0.006046276745232497,
      "op_leverage_ratio": null,
      "fcf_margin_change": 0.1501847455203096
    },
    {
      "date": "2022-09-30T00:00:00",
      "quarter_label": "2022-09 (Q3)",
      "revenue": 958156000,
      "gross_profit": 97083000,
      "operating_income": 4487000,
      "net_income": -17039000,
      "opex": 92596000,
      "cogs": 861073000,
      "rd": null,
      "sga": 92596000,
      "fcf": 71923000,
      "ocf": 71923000,
      "capex": null,
      "gross_margin": 0.101322749113923,
      "op_margin": 0.004682953506527121,
      "fcf_margin": 0.07506397705592827,
      "incr_op_margin_yoy": -0.01684818786240747,
      "rev_growth_yoy": 1.085631943718873,
      "rev_growth_yoy_accel": 1.0278188629810507,
      "op_leverage_ratio": 0.4370691184143004,
      "fcf_margin_change": -0.017327392762529523
    },
    {
      "date": "2022-12-31T00:00:00",
      "quarter_label": "2022-12 (Q4)",
      "revenue": 978167000,
      "gross_profit": 115973000,
      "operating_income": 31027000,
      "net_income": -10619000,
      "opex": 84946000,
      "cogs": 862194000,
      "rd": null,
      "sga": 84946000,
      "fcf": 1936000,
      "ocf": 1936000,
      "capex": null,
      "gross_margin": 0.11856155441759945,
      "op_margin": 0.03171953255425709,
      "fcf_margin": 0.001979212138622546,
      "incr_op_margin_yoy": 0.03760118405251638,
      "rev_growth_yoy": 1.332256418570938,
      "rev_growth_yoy_accel": 0.24662447485206496,
      "op_leverage_ratio": null,
      "fcf_margin_change": -0.07308476491730571
    },
    {
      "date": "2023-03-31T00:00:00",
      "quarter_label": "2023-03 (Q1)",
      "revenue": 943460000,
      "gross_profit": 78830000,
      "operating_income": 30579000,
      "net_income": -17480000,
      "opex": 48251000,
      "cogs": 864630000,
      "rd": null,
      "sga": 48251000,
      "fcf": -38492000,
      "ocf": -38492000,
      "capex": null,
      "gross_margin": 0.08355415173934241,
      "op_margin": 0.032411548979289,
      "fcf_margin": -0.04079876200368855,
      "incr_op_margin_yoy": 0.05203813638501075,
      "rev_growth_yoy": 1.066856382990376,
      "rev_growth_yoy_accel": -0.2654000355805619,
      "fcf_margin_change": -0.0427779741423111
    },
    {
      "date": "2023-06-30T00:00:00",
      "quarter_label": "2023-06 (Q2)",
      "revenue": 977852000,
      "gross_profit": 87400000,
      "operating_income": 34270000,
      "net_income": 1799000,
      "opex": 53130000,
      "cogs": 890452000,
      "rd": null,
      "sga": 53130000,
      "fcf": 116632000,
      "ocf": 116632000,
      "capex": null,
      "gross_margin": 0.08937957891378245,
      "op_margin": 0.03504620331093049,
      "fcf_margin": 0.11927367331661642,
      "incr_op_margin_yoy": 0.04011997015336004,
      "rev_growth_yoy": 0.963298036806367,
      "rev_growth_yoy_accel": -0.10355834618400905,
      "op_leverage_ratio": 0.36050346262015925,
      "fcf_margin_change": 0.16007243532030496
    },
    {
      "date": "2023-09-29T00:00:00",
      "quarter_label": "2023-09 (Q3)",
      "revenue": 1001507000,
      "gross_profit": 70679000,
      "operating_income": 21039000,
      "net_income": -6400000,
      "opex": 49640000,
      "cogs": 930828000,
      "rd": null,
      "sga": 49640000,
      "fcf": 57035000,
      "ocf": 57035000,
      "capex": null,
      "gross_margin": 0.07057264702093945,
      "op_margin": 0.021007341935702896,
      "fcf_margin": 0.05694917758937282,
      "incr_op_margin_yoy": 0.3818135683144564,
      "rev_growth_yoy": 0.045244198230768265,
      "rev_growth_yoy_accel": -0.9180538385755987,
      "op_leverage_ratio": null,
      "fcf_margin_change": -0.062324495727243606
    },
    {
      "date": "2023-12-31T00:00:00",
      "quarter_label": "2023-12 (Q4)",
      "revenue": 1040307000,
      "gross_profit": 97946000,
      "operating_income": 38528000,
      "net_income": -492000,
      "opex": 59418000,
      "cogs": 942361000,
      "rd": null,
      "sga": 59418000,
      "fcf": 52793000,
      "ocf": 52793000,
      "capex": null,
      "gross_margin": 0.09415105348709564,
      "op_margin": 0.037035221333702455,
      "fcf_margin": 0.05074751972254344,
      "incr_op_margin_yoy": 0.12071129707112971,
      "rev_growth_yoy": 0.06352698465599432,
      "rev_growth_yoy_accel": 0.018282786425226058,
      "op_leverage_ratio": 0.1966796724593146,
      "fcf_margin_change": -0.006201657866829378
    },
    {
      "date": "2024-03-29T00:00:00",
      "quarter_label": "2024-03 (Q1)",
      "revenue": 1010564000,
      "gross_profit": 70274000,
      "operating_income": 30331000,
      "net_income": 1144000,
      "opex": 39943000,
      "cogs": 940290000,
      "rd": null,
      "sga": 39943000,
      "fcf": -57226000,
      "ocf": -57226000,
      "capex": null,
      "gross_margin": 0.06953938592706647,
      "op_margin": 0.030013932813755487,
      "fcf_margin": -0.05662778408888502,
      "incr_op_margin_yoy": -0.0036957558416785886,
      "rev_growth_yoy": 0.07112543192080216,
      "rev_growth_yoy_accel": 0.007598447264807837,
      "fcf_margin_change": -0.10737530381142846
    },
    {
      "date": "2024-06-28T00:00:00",
      "quarter_label": "2024-06 (Q2)",
      "revenue": 1072183000,
      "gross_profit": 73835000,
      "operating_income": 27426000,
      "net_income": -6544000,
      "opex": 46409000,
      "cogs": 998348000,
      "rd": null,
      "sga": 46409000,
      "fcf": 25675000,
      "ocf": 25675000,
      "capex": null,
      "gross_margin": 0.0688641771040951,
      "op_margin": 0.025579588559042625,
      "fcf_margin": 0.023946471824306113,
      "incr_op_margin_yoy": -0.07255303134706512,
      "rev_growth_yoy": 0.09646756359858139,
      "rev_growth_yoy_accel": 0.025342131677779225,
      "op_leverage_ratio": 0.37666546479881063,
      "fcf_margin_change": 0.08057425591319113
    },
    {
      "date": "2024-09-27T00:00:00",
      "quarter_label": "2024-09 (Q3)",
      "revenue": 1081656000,
      "gross_profit": 91436000,
      "operating_income": 49887000,
      "net_income": 15051000,
      "opex": 41549000,
      "cogs": 990220000,
      "rd": null,
      "sga": 41549000,
      "fcf": 62654000,
      "ocf": 62654000,
      "capex": null,
      "gross_margin": 0.08453334516704017,
      "op_margin": 0.04612094787991746,
      "fcf_margin": 0.05792414593918954,
      "incr_op_margin_yoy": 0.35992963106214676,
      "rev_growth_yoy": 0.08002839720541144,
      "rev_growth_yoy_accel": -0.016439166393169946,
      "fcf_margin_change": 0.03397767411488343
    },
    {
      "date": "2024-12-31T00:00:00",
      "quarter_label": "2024-12 (Q4)",
      "revenue": 1157752000,
      "gross_profit": 107417000,
      "operating_income": 51560000,
      "net_income": 25033000,
      "opex": 55857000,
      "cogs": 1050335000,
      "rd": null,
      "sga": 55857000,
      "fcf": 223134000,
      "ocf": 223134000,
      "capex": null,
      "gross_margin": 0.09278066459829049,
      "op_margin": 0.0445345808083251,
      "fcf_margin": 0.1927303947650274,
      "incr_op_margin_yoy": 0.11096257822810678,
      "rev_growth_yoy": 0.11289455900998455,
      "rev_growth_yoy_accel": 0.03286616180457311,
      "op_leverage_ratio": 0.2042933871932408,
      "fcf_margin_change": 0.13480624882583786
    },
    {
      "date": "2025-03-28T00:00:00",
      "quarter_label": "2025-03 (Q1)",
      "revenue": 1015923000,
      "gross_profit": 78103000,
      "operating_income": 34298000,
      "net_income": 8107000,
      "opex": 43805000,
      "cogs": 937820000,
      "rd": null,
      "sga": 43805000,
      "fcf": -95464000,
      "ocf": -95464000,
      "capex": null,
      "gross_margin": 0.07687885794494267,
      "op_margin": 0.03376043263121319,
      "fcf_margin": -0.09396775149297733,
      "incr_op_margin_yoy": 0.7402500466504945,
      "rev_growth_yoy": 0.005302979326395953,
      "rev_growth_yoy_accel": -0.1075915796835886,
      "fcf_margin_change": -0.2866981462580047
    },
    {
      "date": "2025-06-27T00:00:00",
      "quarter_label": "2025-06 (Q2)",
      "revenue": 1078330000,
      "gross_profit": 95733000,
      "operating_income": 52940000,
      "net_income": 22391000,
      "opex": 42793000,
      "cogs": 982597000,
      "rd": null,
      "sga": 42793000,
      "fcf": 28533000,
      "ocf": 28533000,
      "capex": null,
      "gross_margin": 0.08877894522085077,
      "op_margin": 0.049094433058525684,
      "fcf_margin": 0.02646036000111283,
      "incr_op_margin_yoy": 4.150642589881243,
      "rev_growth_yoy": 0.005733163088763765,
      "rev_growth_yoy_accel": 0.0004301837623678119,
      "op_leverage_ratio": null,
      "fcf_margin_change": 0.12042811149409016
    },
    {
      "date": "2025-09-26T00:00:00",
      "quarter_label": "2025-09 (Q3)",
      "revenue": 1167137000,
      "gross_profit": 94505000,
      "operating_income": 55669000,
      "net_income": 24605000,
      "opex": 38836000,
      "cogs": 1072632000,
      "rd": null,
      "sga": 38836000,
      "fcf": 39447000,
      "ocf": 39447000,
      "capex": null,
      "gross_margin": 0.0809716425749505,
      "op_margin": 0.04769705698645489,
      "fcf_margin": 0.03379808882761835,
      "incr_op_margin_yoy": 0.06764076227465753,
      "rev_growth_yoy": 0.07902789796386282,
      "rev_growth_yoy_accel": 0.07329473487509906,
      "op_leverage_ratio": null,
      "fcf_margin_change": 0.007337728826505522
    },
    {
      "date": "2025-12-31T00:00:00",
      "quarter_label": "2025-12 (Q4)",
      "revenue": 1218648000,
      "gross_profit": 105041000,
      "operating_income": 51363000,
      "net_income": 22779000,
      "opex": 53678000,
      "cogs": 1113607000,
      "rd": null,
      "sga": 53678000,
      "fcf": 209476000,
      "ocf": 209476000,
      "capex": null,
      "gross_margin": 0.0861947010129258,
      "op_margin": 0.042147527423833625,
      "fcf_margin": 0.1718921296387472,
      "incr_op_margin_yoy": -0.003235023646873358,
      "rev_growth_yoy": 0.05259848395856798,
      "rev_growth_yoy_accel": -0.02642941400529484,
      "op_leverage_ratio": 0.11548357217686277,
      "fcf_margin_change": 0.13809404081112886
    }
  ],
  "signals": [
    {
      "quarter": "2025-12 (Q4)",
      "signal": "FCF MARGIN EXPANSION",
      "detail": "FCF margin: +3.4% -> +17.2% (+13.8%)",
      "severity": "MEDIUM"
    },
    {
      "quarter": "2025-09 (Q3)",
      "signal": "YoY REVENUE GROWTH ACCELERATION",
      "detail": "YoY growth: +7.9% vs prior quarter YoY: +0.6% (accel: +7.3%)",
      "severity": "MEDIUM"
    },
    {
      "quarter": "2025-06 (Q2)",
      "signal": "FCF TURNED POSITIVE",
      "detail": "FCF margin: -9.4% -> +2.6%",
      "severity": "HIGH"
    },
    {
      "quarter": "2025-06 (Q2)",
      "signal": "INCREMENTAL MARGIN (YoY)",
      "detail": "YoY Incr OPM: +415.1% vs year-ago OPM: +2.6%",
      "severity": "HIGH"
    },
    {
      "quarter": "2025-03 (Q1)",
      "signal": "YoY REVENUE GROWTH DECELERATION",
      "detail": "YoY growth: +0.5% vs prior quarter YoY: +11.3% (decel: -10.8%)",
      "severity": "WARNING"
    },
    {
      "quarter": "2025-03 (Q1)",
      "signal": "INCREMENTAL MARGIN (YoY)",
      "detail": "YoY Incr OPM: +74.0% vs year-ago OPM: +3.0%",
      "severity": "HIGH"
    },
    {
      "quarter": "2024-12 (Q4)",
      "signal": "FCF MARGIN EXPANSION",
      "detail": "FCF margin: +5.8% -> +19.3% (+13.5%)",
      "severity": "MEDIUM"
    },
    {
      "quarter": "2024-09 (Q3)",
      "signal": "INCREMENTAL MARGIN (YoY)",
      "detail": "YoY Incr OPM: +36.0% vs year-ago OPM: +2.1%",
      "severity": "HIGH"
    },
    {
      "quarter": "2024-06 (Q2)",
      "signal": "FCF TURNED POSITIVE",
      "detail": "FCF margin: -5.7% -> +2.4%",
      "severity": "HIGH"
    },
    {
      "quarter": "2023-12 (Q4)",
      "signal": "GROSS MARGIN INFLECTION",
      "detail": "GM: +8.9% -> +7.1% -> +9.4% (reversal +2.4%)",
      "severity": "MEDIUM"
    },
    {
      "quarter": "2023-09 (Q3)",
      "signal": "YoY REVENUE GROWTH DECELERATION",
      "detail": "YoY growth: +4.5% vs prior quarter YoY: +96.3% (decel: -91.8%)",
      "severity": "WARNING"
    },
    {
      "quarter": "2023-09 (Q3)",
      "signal": "INCREMENTAL MARGIN (YoY)",
      "detail": "YoY Incr OPM: +38.2% vs year-ago OPM: +0.5%",
      "severity": "HIGH"
    },
    {
      "quarter": "2023-06 (Q2)",
      "signal": "FCF TURNED POSITIVE",
      "detail": "FCF margin: -4.1% -> +11.9%",
      "severity": "HIGH"
    },
    {
      "quarter": "2023-06 (Q2)",
      "signal": "YoY REVENUE GROWTH DECELERATION",
      "detail": "YoY growth: +96.3% vs prior quarter YoY: +106.7% (decel: -10.4%)",
      "severity": "WARNING"
    },
    {
      "quarter": "2023-03 (Q1)",
      "signal": "YoY REVENUE GROWTH DECELERATION",
      "detail": "YoY growth: +106.7% vs prior quarter YoY: +133.2% (decel: -26.5%)",
      "severity": "WARNING"
    },
    {
      "quarter": "2022-12 (Q4)",
      "signal": "YoY REVENUE GROWTH ACCELERATION",
      "detail": "YoY growth: +133.2% vs prior quarter YoY: +108.6% (accel: +24.7%)",
      "severity": "HIGH"
    },
    {
      "quarter": "2022-09 (Q3)",
      "signal": "YoY REVENUE GROWTH ACCELERATION",
      "detail": "YoY growth: +108.6% vs prior quarter YoY: +5.8% (accel: +102.8%)",
      "severity": "HIGH"
    },
    {
      "quarter": "2022-07 (Q3)",
      "signal": "FCF TURNED POSITIVE",
      "detail": "FCF margin: -5.8% -> +9.2%",
      "severity": "HIGH"
    },
    {
      "quarter": "2021-07 (Q3)",
      "signal": "FCF TURNED POSITIVE",
      "detail": "FCF margin: -5.0% -> +7.6%",
      "severity": "HIGH"
    }
  ],
  "data_quality": {
    "n_quarters": 20,
    "coverage": {
      "revenue": [
        20,
        20
      ],
      "gross_profit": [
        20,
        20
      ],
      "op_income": [
        20,
        20
      ],
      "fcf": [
        20,
        20
      ]
    },
    "gaps": [],
    "warnings": []
  },
  "market_cap": null,
  "source": "SEC EDGAR",
  "last_updated": "2026-02-24T10:08:08.073361"
}