{
  "ticker": "VXRT",
  "name": "Vaxart, Inc.",
  "quarters": [
    {
      "date": "2020-12-31T00:00:00",
      "quarter_label": "2020-12 (Q4)",
      "revenue": 356000,
      "gross_profit": null,
      "operating_income": -13361000,
      "net_income": -13861000,
      "opex": 13717000,
      "cogs": null,
      "rd": 8591000,
      "sga": null,
      "fcf": -11668000,
      "ocf": -10766000,
      "capex": -902000,
      "gross_margin": null,
      "op_margin": -37.53089887640449,
      "fcf_margin": -32.7752808988764
    },
    {
      "date": "2021-03-31T00:00:00",
      "quarter_label": "2021-03 (Q1)",
      "revenue": 506000,
      "gross_profit": null,
      "operating_income": -15511000,
      "net_income": -16007000,
      "opex": 16017000,
      "cogs": null,
      "rd": 10073000,
      "sga": null,
      "fcf": -17207000,
      "ocf": -16592000,
      "capex": -615000,
      "gross_margin": null,
      "op_margin": -30.654150197628457,
      "fcf_margin": -34.00592885375494,
      "op_leverage_ratio": 2.5128847093307276,
      "fcf_margin_change": -1.2306479548785347
    },
    {
      "date": "2021-06-30T00:00:00",
      "quarter_label": "2021-06 (Q2)",
      "revenue": 112000,
      "gross_profit": null,
      "operating_income": -15775000,
      "net_income": -16116000,
      "opex": 15887000,
      "cogs": null,
      "rd": 10737000,
      "sga": null,
      "fcf": -15362000,
      "ocf": -13159000,
      "capex": -2203000,
      "gross_margin": null,
      "op_margin": -140.84821428571428,
      "fcf_margin": -137.16071428571428,
      "fcf_margin_change": -103.15478543195934
    },
    {
      "date": "2021-09-30T00:00:00",
      "quarter_label": "2021-09 (Q3)",
      "revenue": 200000,
      "gross_profit": null,
      "operating_income": -17251000,
      "net_income": -17583000,
      "opex": 17451000,
      "cogs": null,
      "rd": 12409000,
      "sga": null,
      "fcf": -15591000,
      "ocf": -14267000,
      "capex": -1324000,
      "gross_margin": null,
      "op_margin": -86.255,
      "fcf_margin": -77.955,
      "op_leverage_ratio": 7.981229448301059,
      "fcf_margin_change": 59.20571428571428
    },
    {
      "date": "2021-12-31T00:00:00",
      "quarter_label": "2021-12 (Q4)",
      "revenue": 74000,
      "gross_profit": null,
      "operating_income": -24215000,
      "net_income": -20764000,
      "opex": 24289000,
      "cogs": null,
      "rd": 15530000,
      "sga": null,
      "fcf": -16829000,
      "ocf": -15814000,
      "capex": -1015000,
      "gross_margin": null,
      "op_margin": -327.22972972972974,
      "fcf_margin": -227.4189189189189,
      "rev_growth_yoy": -0.7921348314606742,
      "fcf_margin_change": -149.46391891891892
    },
    {
      "date": "2022-03-31T00:00:00",
      "quarter_label": "2022-03 (Q1)",
      "revenue": 85000,
      "gross_profit": null,
      "operating_income": -24776000,
      "net_income": -25101000,
      "opex": 24861000,
      "cogs": null,
      "rd": 18203000,
      "sga": null,
      "fcf": -26459000,
      "ocf": -25113000,
      "capex": -1346000,
      "gross_margin": null,
      "op_margin": -291.4823529411765,
      "fcf_margin": -311.2823529411765,
      "rev_growth_yoy": -0.8320158102766798,
      "rev_growth_yoy_accel": -0.03988097881600561,
      "op_leverage_ratio": 6.3121101871101875,
      "fcf_margin_change": -83.8634340222576
    },
    {
      "date": "2022-06-30T00:00:00",
      "quarter_label": "2022-06 (Q2)",
      "revenue": 0,
      "gross_profit": null,
      "operating_income": -29247000,
      "net_income": -29430000,
      "opex": 29247000,
      "cogs": null,
      "rd": 19926000,
      "sga": null,
      "fcf": -28225000,
      "ocf": -25899000,
      "capex": -2326000,
      "gross_margin": null,
      "op_margin": null,
      "fcf_margin": null,
      "rev_growth_yoy": -1.0,
      "rev_growth_yoy_accel": -0.1679841897233202
    },
    {
      "date": "2022-09-30T00:00:00",
      "quarter_label": "2022-09 (Q3)",
      "revenue": 0,
      "gross_profit": null,
      "operating_income": -29426000,
      "net_income": -29309000,
      "opex": 29426000,
      "cogs": null,
      "rd": 22466000,
      "sga": null,
      "fcf": -16643000,
      "ocf": -14615000,
      "capex": -2028000,
      "gross_margin": null,
      "op_margin": null,
      "fcf_margin": null,
      "rev_growth_yoy": -1.0,
      "rev_growth_yoy_accel": 0.0
    },
    {
      "date": "2022-12-31T00:00:00",
      "quarter_label": "2022-12 (Q4)",
      "revenue": 22000,
      "gross_profit": null,
      "operating_income": -31138000,
      "net_income": -23918000,
      "opex": 31160000,
      "cogs": null,
      "rd": 20459000,
      "sga": null,
      "fcf": -33053000,
      "ocf": -29152000,
      "capex": -3901000,
      "gross_margin": null,
      "op_margin": -1415.3636363636363,
      "fcf_margin": -1502.409090909091,
      "rev_growth_yoy": -0.7027027027027027,
      "rev_growth_yoy_accel": 0.29729729729729726
    },
    {
      "date": "2023-03-31T00:00:00",
      "quarter_label": "2023-03 (Q1)",
      "revenue": 675000,
      "gross_profit": null,
      "operating_income": -25572000,
      "net_income": -25140000,
      "opex": 26247000,
      "cogs": null,
      "rd": 19622000,
      "sga": null,
      "fcf": -25699000,
      "ocf": -24460000,
      "capex": -1239000,
      "gross_margin": null,
      "op_margin": -37.88444444444445,
      "fcf_margin": -38.07259259259259,
      "rev_growth_yoy": 6.9411764705882355,
      "rev_growth_yoy_accel": 7.643879173290938,
      "op_leverage_ratio": Infinity,
      "fcf_margin_change": 1464.3364983164984
    },
    {
      "date": "2023-06-30T00:00:00",
      "quarter_label": "2023-06 (Q2)",
      "revenue": 1358000,
      "gross_profit": null,
      "operating_income": -23053000,
      "net_income": -22550000,
      "opex": 24411000,
      "cogs": null,
      "rd": 18813000,
      "sga": null,
      "fcf": -17925000,
      "ocf": -17471000,
      "capex": -454000,
      "gross_margin": null,
      "op_margin": -16.975699558173783,
      "fcf_margin": -13.199558173784977,
      "incr_op_margin_yoy": 4.561119293078056,
      "op_leverage_ratio": Infinity,
      "fcf_margin_change": 24.873034418807613
    },
    {
      "date": "2023-09-30T00:00:00",
      "quarter_label": "2023-09 (Q3)",
      "revenue": 2101000,
      "gross_profit": null,
      "operating_income": -17822000,
      "net_income": -17400000,
      "opex": 19923000,
      "cogs": null,
      "rd": 15002000,
      "sga": null,
      "fcf": -15283000,
      "ocf": -15001000,
      "capex": -282000,
      "gross_margin": null,
      "op_margin": -8.482627320323655,
      "fcf_margin": -7.27415516420752,
      "incr_op_margin_yoy": 5.523084245597334,
      "op_leverage_ratio": Infinity,
      "fcf_margin_change": 5.925403009577457
    },
    {
      "date": "2023-12-31T00:00:00",
      "quarter_label": "2023-12 (Q4)",
      "revenue": 3245000,
      "gross_profit": null,
      "operating_income": -16900000,
      "net_income": -17375000,
      "opex": 20145000,
      "cogs": null,
      "rd": 14705000,
      "sga": null,
      "fcf": -13417000,
      "ocf": -13521000,
      "capex": 104000,
      "gross_margin": null,
      "op_margin": -5.2080123266563945,
      "fcf_margin": -4.134668721109399,
      "incr_op_margin_yoy": 4.4176233322991,
      "rev_growth_yoy": 146.5,
      "op_leverage_ratio": 48.86543087590208,
      "fcf_margin_change": 3.1394864430981206
    },
    {
      "date": "2024-03-31T00:00:00",
      "quarter_label": "2024-03 (Q1)",
      "revenue": 2181000,
      "gross_profit": null,
      "operating_income": -24070000,
      "net_income": -24417000,
      "opex": 26251000,
      "cogs": null,
      "rd": 19013000,
      "sga": null,
      "fcf": -21322000,
      "ocf": -21191000,
      "capex": -131000,
      "gross_margin": null,
      "op_margin": -11.03622191655204,
      "fcf_margin": -9.776249426868409,
      "incr_op_margin_yoy": 0.99734395750332,
      "rev_growth_yoy": 2.2311111111111113,
      "rev_growth_yoy_accel": -144.26888888888888,
      "fcf_margin_change": -5.64158070575901
    },
    {
      "date": "2024-06-30T00:00:00",
      "quarter_label": "2024-06 (Q2)",
      "revenue": 6401000,
      "gross_profit": null,
      "operating_income": -16256000,
      "net_income": -16466000,
      "opex": 22657000,
      "cogs": null,
      "rd": 17480000,
      "sga": null,
      "fcf": -12397000,
      "ocf": -12027000,
      "capex": -370000,
      "gross_margin": null,
      "op_margin": -2.539603187002031,
      "fcf_margin": -1.9367286361506015,
      "incr_op_margin_yoy": 1.3478088439420979,
      "rev_growth_yoy": 3.7135493372606776,
      "rev_growth_yoy_accel": 1.4824382261495663,
      "op_leverage_ratio": Infinity,
      "fcf_margin_change": 7.839520790717808
    },
    {
      "date": "2024-09-30T00:00:00",
      "quarter_label": "2024-09 (Q3)",
      "revenue": 4933000,
      "gross_profit": null,
      "operating_income": -14475000,
      "net_income": -14080000,
      "opex": 19408000,
      "cogs": null,
      "rd": 15066000,
      "sga": null,
      "fcf": -4210000,
      "ocf": -4201000,
      "capex": -9000,
      "gross_margin": null,
      "op_margin": -2.934319886478816,
      "fcf_margin": -0.8534360429758767,
      "incr_op_margin_yoy": 1.1818502824858756,
      "rev_growth_yoy": 1.3479295573536412,
      "rev_growth_yoy_accel": -2.3656197799070364,
      "fcf_margin_change": 1.0832925931747248
    },
    {
      "date": "2024-12-31T00:00:00",
      "quarter_label": "2024-12 (Q4)",
      "revenue": 15185000,
      "gross_profit": null,
      "operating_income": -11492000,
      "net_income": -11985000,
      "opex": 26677000,
      "cogs": null,
      "rd": 22654000,
      "sga": null,
      "fcf": -7389000,
      "ocf": -7345000,
      "capex": -44000,
      "gross_margin": null,
      "op_margin": -0.7567994731643068,
      "fcf_margin": -0.4865986170563056,
      "incr_op_margin_yoy": 0.45293132328308205,
      "rev_growth_yoy": 3.679506933744222,
      "rev_growth_yoy_accel": 2.3315773763905807,
      "op_leverage_ratio": 5.548857817606385,
      "fcf_margin_change": 0.36683742591957114
    },
    {
      "date": "2025-03-31T00:00:00",
      "quarter_label": "2025-03 (Q1)",
      "revenue": 20876000,
      "gross_profit": null,
      "operating_income": -14935000,
      "net_income": -15591000,
      "opex": 35811000,
      "cogs": null,
      "rd": 30744000,
      "sga": null,
      "fcf": -9729000,
      "ocf": -9599000,
      "capex": -130000,
      "gross_margin": null,
      "op_margin": -0.7154148304272849,
      "fcf_margin": -0.4660375550871815,
      "incr_op_margin_yoy": 0.48863332441829366,
      "rev_growth_yoy": 8.571756075194864,
      "rev_growth_yoy_accel": 4.892249141450643,
      "op_leverage_ratio": 1.0945857019682583,
      "fcf_margin_change": 0.020561061969124106
    },
    {
      "date": "2025-06-30T00:00:00",
      "quarter_label": "2025-06 (Q2)",
      "revenue": 39730000,
      "gross_profit": null,
      "operating_income": -14603000,
      "net_income": -14986000,
      "opex": 54333000,
      "cogs": null,
      "rd": 49735000,
      "sga": null,
      "fcf": -15842000,
      "ocf": -15945000,
      "capex": 103000,
      "gross_margin": null,
      "op_margin": -0.3675560030203876,
      "fcf_margin": -0.39874150515982887,
      "incr_op_margin_yoy": 0.04959644753817996,
      "rev_growth_yoy": 5.20684268083112,
      "rev_growth_yoy_accel": -3.364913394363744,
      "op_leverage_ratio": 1.7461630068500178,
      "fcf_margin_change": 0.06729604992735261
    },
    {
      "date": "2025-09-30T00:00:00",
      "quarter_label": "2025-09 (Q3)",
      "revenue": 72413000,
      "gross_profit": null,
      "operating_income": -7811000,
      "net_income": -8141000,
      "opex": 80224000,
      "cogs": null,
      "rd": 75947000,
      "sga": null,
      "fcf": 2478000,
      "ocf": 2595000,
      "capex": -117000,
      "gross_margin": null,
      "op_margin": -0.10786737188073965,
      "fcf_margin": 0.034220374794581086,
      "incr_op_margin_yoy": 0.0987551867219917,
      "rev_growth_yoy": 13.679302655584836,
      "rev_growth_yoy_accel": 8.472459974753715,
      "op_leverage_ratio": 1.7263077071845556,
      "fcf_margin_change": 0.43296187995440993
    }
  ],
  "signals": [
    {
      "quarter": "2025-09 (Q3)",
      "signal": "FCF TURNED POSITIVE",
      "detail": "FCF margin: -39.9% -> +3.4%",
      "severity": "HIGH"
    },
    {
      "quarter": "2025-09 (Q3)",
      "signal": "OPERATING LEVERAGE",
      "detail": "Rev growth +82.3% vs OpEx growth +47.7% (leverage: 1.7x)",
      "severity": "MEDIUM"
    },
    {
      "quarter": "2025-09 (Q3)",
      "signal": "YoY REVENUE GROWTH ACCELERATION",
      "detail": "YoY growth: +1367.9% vs prior quarter YoY: +520.7% (accel: +847.2%)",
      "severity": "HIGH"
    },
    {
      "quarter": "2025-06 (Q2)",
      "signal": "FCF MARGIN EXPANSION",
      "detail": "FCF margin: -46.6% -> -39.9% (+6.7%)",
      "severity": "MEDIUM"
    },
    {
      "quarter": "2025-06 (Q2)",
      "signal": "OPERATING LEVERAGE",
      "detail": "Rev growth +90.3% vs OpEx growth +51.7% (leverage: 1.7x)",
      "severity": "MEDIUM"
    },
    {
      "quarter": "2025-06 (Q2)",
      "signal": "YoY REVENUE GROWTH DECELERATION",
      "detail": "YoY growth: +520.7% vs prior quarter YoY: +857.2% (decel: -336.5%)",
      "severity": "WARNING"
    },
    {
      "quarter": "2025-03 (Q1)",
      "signal": "YoY REVENUE GROWTH ACCELERATION",
      "detail": "YoY growth: +857.2% vs prior quarter YoY: +368.0% (accel: +489.2%)",
      "severity": "HIGH"
    },
    {
      "quarter": "2024-12 (Q4)",
      "signal": "FCF MARGIN EXPANSION",
      "detail": "FCF margin: -85.3% -> -48.7% (+36.7%)",
      "severity": "MEDIUM"
    },
    {
      "quarter": "2024-12 (Q4)",
      "signal": "OPERATING LEVERAGE",
      "detail": "Rev growth +207.8% vs OpEx growth +37.5% (leverage: 5.5x)",
      "severity": "MEDIUM"
    },
    {
      "quarter": "2024-12 (Q4)",
      "signal": "YoY REVENUE GROWTH ACCELERATION",
      "detail": "YoY growth: +368.0% vs prior quarter YoY: +134.8% (accel: +233.2%)",
      "severity": "HIGH"
    },
    {
      "quarter": "2024-09 (Q3)",
      "signal": "FCF MARGIN EXPANSION",
      "detail": "FCF margin: -193.7% -> -85.3% (+108.3%)",
      "severity": "MEDIUM"
    },
    {
      "quarter": "2024-09 (Q3)",
      "signal": "YoY REVENUE GROWTH DECELERATION",
      "detail": "YoY growth: +134.8% vs prior quarter YoY: +371.4% (decel: -236.6%)",
      "severity": "WARNING"
    },
    {
      "quarter": "2024-06 (Q2)",
      "signal": "FCF MARGIN EXPANSION",
      "detail": "FCF margin: -977.6% -> -193.7% (+784.0%)",
      "severity": "MEDIUM"
    },
    {
      "quarter": "2024-06 (Q2)",
      "signal": "YoY REVENUE GROWTH ACCELERATION",
      "detail": "YoY growth: +371.4% vs prior quarter YoY: +223.1% (accel: +148.2%)",
      "severity": "HIGH"
    },
    {
      "quarter": "2024-03 (Q1)",
      "signal": "YoY REVENUE GROWTH DECELERATION",
      "detail": "YoY growth: +223.1% vs prior quarter YoY: +14650.0% (decel: -14426.9%)",
      "severity": "WARNING"
    },
    {
      "quarter": "2023-12 (Q4)",
      "signal": "FCF MARGIN EXPANSION",
      "detail": "FCF margin: -727.4% -> -413.5% (+313.9%)",
      "severity": "MEDIUM"
    },
    {
      "quarter": "2023-12 (Q4)",
      "signal": "OPERATING LEVERAGE",
      "detail": "Rev growth +54.5% vs OpEx growth +1.1% (leverage: 48.9x)",
      "severity": "MEDIUM"
    },
    {
      "quarter": "2023-09 (Q3)",
      "signal": "FCF MARGIN EXPANSION",
      "detail": "FCF margin: -1320.0% -> -727.4% (+592.5%)",
      "severity": "MEDIUM"
    },
    {
      "quarter": "2023-06 (Q2)",
      "signal": "FCF MARGIN EXPANSION",
      "detail": "FCF margin: -3807.3% -> -1320.0% (+2487.3%)",
      "severity": "MEDIUM"
    },
    {
      "quarter": "2023-03 (Q1)",
      "signal": "FCF MARGIN EXPANSION",
      "detail": "FCF margin: -150240.9% -> -3807.3% (+146433.6%)",
      "severity": "MEDIUM"
    },
    {
      "quarter": "2023-03 (Q1)",
      "signal": "YoY REVENUE GROWTH ACCELERATION",
      "detail": "YoY growth: +694.1% vs prior quarter YoY: -70.3% (accel: +764.4%)",
      "severity": "HIGH"
    },
    {
      "quarter": "2022-12 (Q4)",
      "signal": "YoY REVENUE GROWTH ACCELERATION",
      "detail": "YoY growth: -70.3% vs prior quarter YoY: -100.0% (accel: +29.7%)",
      "severity": "HIGH"
    },
    {
      "quarter": "2022-06 (Q2)",
      "signal": "YoY REVENUE GROWTH DECELERATION",
      "detail": "YoY growth: -100.0% vs prior quarter YoY: -83.2% (decel: -16.8%)",
      "severity": "WARNING"
    },
    {
      "quarter": "2022-03 (Q1)",
      "signal": "OPERATING LEVERAGE",
      "detail": "Rev growth +14.9% vs OpEx growth +2.4% (leverage: 6.3x)",
      "severity": "MEDIUM"
    },
    {
      "quarter": "2021-09 (Q3)",
      "signal": "FCF MARGIN EXPANSION",
      "detail": "FCF margin: -13716.1% -> -7795.5% (+5920.6%)",
      "severity": "MEDIUM"
    },
    {
      "quarter": "2021-09 (Q3)",
      "signal": "OPERATING LEVERAGE",
      "detail": "Rev growth +78.6% vs OpEx growth +9.8% (leverage: 8.0x)",
      "severity": "MEDIUM"
    },
    {
      "quarter": "2021-03 (Q1)",
      "signal": "OPERATING LEVERAGE",
      "detail": "Rev growth +42.1% vs OpEx growth +16.8% (leverage: 2.5x)",
      "severity": "MEDIUM"
    }
  ],
  "data_quality": {
    "n_quarters": 20,
    "coverage": {
      "revenue": [
        20,
        20
      ],
      "gross_profit": [
        0,
        20
      ],
      "op_income": [
        20,
        20
      ],
      "fcf": [
        20,
        20
      ]
    },
    "gaps": [],
    "warnings": [
      "gross_profit: no data"
    ]
  },
  "market_cap": null,
  "source": "SEC EDGAR",
  "last_updated": "2026-02-02T23:08:31.939803"
}