{
  "ticker": "VYGR",
  "name": "Voyager Therapeutics, Inc.",
  "quarters": [
    {
      "date": "2020-12-31T00:00:00",
      "quarter_label": "2020-12 (Q4)",
      "revenue": 6537000,
      "gross_profit": null,
      "operating_income": -23729000,
      "net_income": -15926000,
      "opex": 30266000,
      "cogs": null,
      "rd": 21996000,
      "sga": null,
      "fcf": -25533000,
      "ocf": -21977000,
      "capex": -3556000,
      "gross_margin": null,
      "op_margin": -3.6299525776350006,
      "fcf_margin": -3.905920146856356
    },
    {
      "date": "2021-03-31T00:00:00",
      "quarter_label": "2021-03 (Q1)",
      "revenue": 6501000,
      "gross_profit": null,
      "operating_income": -25589000,
      "net_income": -21649000,
      "opex": 32090000,
      "cogs": null,
      "rd": 22346000,
      "sga": null,
      "fcf": -21669000,
      "ocf": -21294000,
      "capex": -375000,
      "gross_margin": null,
      "op_margin": -3.936163667128134,
      "fcf_margin": -3.3331795108444853,
      "fcf_margin_change": 0.5727406360118708
    },
    {
      "date": "2021-06-30T00:00:00",
      "quarter_label": "2021-06 (Q2)",
      "revenue": 1357000,
      "gross_profit": null,
      "operating_income": -28585000,
      "net_income": -30120000,
      "opex": 29942000,
      "cogs": null,
      "rd": 19505000,
      "sga": null,
      "fcf": -22944000,
      "ocf": -22717000,
      "capex": -227000,
      "gross_margin": null,
      "op_margin": -21.06484893146647,
      "fcf_margin": -16.907885040530584,
      "fcf_margin_change": -13.5747055296861
    },
    {
      "date": "2021-09-30T00:00:00",
      "quarter_label": "2021-09 (Q3)",
      "revenue": 1482000,
      "gross_profit": null,
      "operating_income": -25146000,
      "net_income": -25137000,
      "opex": 26628000,
      "cogs": null,
      "rd": 17914000,
      "sga": null,
      "fcf": -21369000,
      "ocf": -20709000,
      "capex": -660000,
      "gross_margin": null,
      "op_margin": -16.967611336032387,
      "fcf_margin": -14.419028340080972,
      "op_leverage_ratio": Infinity,
      "fcf_margin_change": 2.4888567004496114
    },
    {
      "date": "2021-12-31T00:00:00",
      "quarter_label": "2021-12 (Q4)",
      "revenue": 28073000,
      "gross_profit": null,
      "operating_income": 5702000,
      "net_income": 5709000,
      "opex": 22371000,
      "cogs": null,
      "rd": 14020000,
      "sga": null,
      "fcf": 10848000,
      "ocf": 11195000,
      "capex": -347000,
      "gross_margin": null,
      "op_margin": 0.20311331172300787,
      "fcf_margin": 0.38642111637516474,
      "incr_op_margin_yoy": 1.3665954680534917,
      "rev_growth_yoy": 3.2944775891081535,
      "op_leverage_ratio": Infinity,
      "fcf_margin_change": 14.805449456456136
    },
    {
      "date": "2022-03-31T00:00:00",
      "quarter_label": "2022-03 (Q1)",
      "revenue": 658000,
      "gross_profit": null,
      "operating_income": -21350000,
      "net_income": -21319000,
      "opex": 22008000,
      "cogs": null,
      "rd": 14349000,
      "sga": null,
      "fcf": 34388000,
      "ocf": 34426000,
      "capex": -38000,
      "gross_margin": null,
      "op_margin": -32.4468085106383,
      "fcf_margin": 52.26139817629179,
      "incr_op_margin_yoy": -0.7254834845113811,
      "rev_growth_yoy": -0.8987848023381019,
      "rev_growth_yoy_accel": -4.193262391446256,
      "fcf_margin_change": 51.874977059916624
    },
    {
      "date": "2022-06-30T00:00:00",
      "quarter_label": "2022-06 (Q2)",
      "revenue": 712000,
      "gross_profit": null,
      "operating_income": -19367000,
      "net_income": -19087000,
      "opex": 20079000,
      "cogs": null,
      "rd": 12527000,
      "sga": null,
      "fcf": -19727000,
      "ocf": -18485000,
      "capex": -1242000,
      "gross_margin": null,
      "op_margin": -27.200842696629213,
      "fcf_margin": -27.706460674157302,
      "rev_growth_yoy": -0.47531319086219603,
      "rev_growth_yoy_accel": 0.42347161147590584,
      "op_leverage_ratio": Infinity,
      "fcf_margin_change": -79.96785885044909
    },
    {
      "date": "2022-09-30T00:00:00",
      "quarter_label": "2022-09 (Q3)",
      "revenue": 41086000,
      "gross_profit": null,
      "operating_income": 14442000,
      "net_income": 17624000,
      "opex": 26644000,
      "cogs": null,
      "rd": 19337000,
      "sga": null,
      "fcf": -16484000,
      "ocf": -16206000,
      "capex": -278000,
      "gross_margin": null,
      "op_margin": 0.3515065959207516,
      "fcf_margin": -0.4012072238718785,
      "incr_op_margin_yoy": 0.9995960004039995,
      "rev_growth_yoy": 26.723346828609987,
      "rev_growth_yoy_accel": 27.198660019472182,
      "op_leverage_ratio": 173.43196085814284,
      "fcf_margin_change": 27.305253450285424
    },
    {
      "date": "2022-12-31T00:00:00",
      "quarter_label": "2022-12 (Q4)",
      "revenue": -1550000,
      "gross_profit": null,
      "operating_income": -24563000,
      "net_income": -23626000,
      "opex": 23013000,
      "cogs": null,
      "rd": 14551000,
      "sga": null,
      "fcf": -13177000,
      "ocf": -12244000,
      "capex": -933000,
      "gross_margin": null,
      "op_margin": 15.847096774193549,
      "fcf_margin": 8.501290322580646,
      "incr_op_margin_yoy": 1.0216723491881308,
      "rev_growth_yoy": -1.0552131941723364,
      "rev_growth_yoy_accel": -27.778560022782322,
      "fcf_margin_change": 8.902497546452524
    },
    {
      "date": "2023-03-31T00:00:00",
      "quarter_label": "2023-03 (Q1)",
      "revenue": 150480000,
      "gross_profit": null,
      "operating_income": 122884000,
      "net_income": 124044000,
      "opex": 27596000,
      "cogs": null,
      "rd": 18568000,
      "sga": null,
      "fcf": 123056000,
      "ocf": 123565000,
      "capex": -509000,
      "gross_margin": null,
      "op_margin": 0.8166135034556087,
      "fcf_margin": 0.8177565124933546,
      "incr_op_margin_yoy": 0.962702406856136,
      "rev_growth_yoy": 227.69300911854103,
      "rev_growth_yoy_accel": 228.74822231271335,
      "fcf_margin_change": -7.683533810087291
    },
    {
      "date": "2023-06-30T00:00:00",
      "quarter_label": "2023-06 (Q2)",
      "revenue": 4853000,
      "gross_profit": null,
      "operating_income": -25426000,
      "net_income": -22208000,
      "opex": 30279000,
      "cogs": null,
      "rd": 21985000,
      "sga": null,
      "fcf": -2045000,
      "ocf": -835000,
      "capex": -1210000,
      "gross_margin": null,
      "op_margin": -5.239233463836802,
      "fcf_margin": -0.42138883165052543,
      "incr_op_margin_yoy": -1.463173146582951,
      "rev_growth_yoy": 5.816011235955056,
      "rev_growth_yoy_accel": -221.87699788258598,
      "fcf_margin_change": -1.23914534414388
    },
    {
      "date": "2023-09-30T00:00:00",
      "quarter_label": "2023-09 (Q3)",
      "revenue": 4614000,
      "gross_profit": null,
      "operating_income": -29507000,
      "net_income": -25901000,
      "opex": 34121000,
      "cogs": null,
      "rd": 25863000,
      "sga": null,
      "fcf": -21833000,
      "ocf": -21051000,
      "capex": -782000,
      "gross_margin": null,
      "op_margin": -6.395101863892501,
      "fcf_margin": -4.731902904204595,
      "incr_op_margin_yoy": 1.2050065803904364,
      "rev_growth_yoy": -0.8876989728861413,
      "rev_growth_yoy_accel": -6.703710208841198,
      "fcf_margin_change": -4.310514072554069
    },
    {
      "date": "2023-12-31T00:00:00",
      "quarter_label": "2023-12 (Q4)",
      "revenue": 90061000,
      "gross_profit": null,
      "operating_income": 54063000,
      "net_income": 56395000,
      "opex": 35998000,
      "cogs": null,
      "rd": 25756000,
      "sga": null,
      "fcf": -24515000,
      "ocf": -23760000,
      "capex": -755000,
      "gross_margin": null,
      "op_margin": 0.6002931346531795,
      "fcf_margin": -0.2722043947990806,
      "incr_op_margin_yoy": 0.8582593793321762,
      "op_leverage_ratio": 336.6485183612267,
      "fcf_margin_change": 4.459698509405514
    },
    {
      "date": "2024-03-31T00:00:00",
      "quarter_label": "2024-03 (Q1)",
      "revenue": 19516000,
      "gross_profit": null,
      "operating_income": -16183000,
      "net_income": -11330000,
      "opex": 35699000,
      "cogs": null,
      "rd": 27092000,
      "sga": null,
      "fcf": 56626000,
      "ocf": 58767000,
      "capex": -2141000,
      "gross_margin": null,
      "op_margin": -0.8292170526747284,
      "fcf_margin": 2.9015167042426726,
      "incr_op_margin_yoy": 1.0618719648147583,
      "rev_growth_yoy": -0.8703083466241361,
      "fcf_margin_change": 3.173721099041753
    },
    {
      "date": "2024-06-30T00:00:00",
      "quarter_label": "2024-06 (Q2)",
      "revenue": 29578000,
      "gross_profit": null,
      "operating_income": -15025000,
      "net_income": -10141000,
      "opex": 44603000,
      "cogs": null,
      "rd": 34452000,
      "sga": null,
      "fcf": -32547000,
      "ocf": -31580000,
      "capex": -967000,
      "gross_margin": null,
      "op_margin": -0.5079789032388937,
      "fcf_margin": -1.1003786598147272,
      "incr_op_margin_yoy": 0.42066734074823053,
      "rev_growth_yoy": 5.0947867298578196,
      "rev_growth_yoy_accel": 5.965095076481956,
      "op_leverage_ratio": 2.0671138796061452,
      "fcf_margin_change": -4.0018953640573995
    },
    {
      "date": "2024-09-30T00:00:00",
      "quarter_label": "2024-09 (Q3)",
      "revenue": 24629000,
      "gross_profit": null,
      "operating_income": -13780000,
      "net_income": -9044000,
      "opex": 38409000,
      "cogs": null,
      "rd": 30241000,
      "sga": null,
      "fcf": -28226000,
      "ocf": -27968000,
      "capex": -258000,
      "gross_margin": null,
      "op_margin": -0.5595030248893581,
      "fcf_margin": -1.1460473425636444,
      "incr_op_margin_yoy": 0.7857606794903822,
      "rev_growth_yoy": 4.337884698742956,
      "rev_growth_yoy_accel": -0.7569020311148638,
      "fcf_margin_change": -0.04566868274891722
    },
    {
      "date": "2024-12-31T00:00:00",
      "quarter_label": "2024-12 (Q4)",
      "revenue": 6278000,
      "gross_profit": null,
      "operating_income": -38299000,
      "net_income": -34487000,
      "opex": 44577000,
      "cogs": null,
      "rd": 35583000,
      "sga": null,
      "fcf": -14684000,
      "ocf": -14529000,
      "capex": -155000,
      "gross_margin": null,
      "op_margin": -6.100509716470214,
      "fcf_margin": -2.3389614526919402,
      "incr_op_margin_yoy": 1.1023954740221764,
      "rev_growth_yoy": -0.9302916911870843,
      "rev_growth_yoy_accel": -5.26817638993004,
      "fcf_margin_change": -1.1929141101282958
    },
    {
      "date": "2025-03-31T00:00:00",
      "quarter_label": "2025-03 (Q1)",
      "revenue": 6473000,
      "gross_profit": null,
      "operating_income": -34693000,
      "net_income": -31021000,
      "opex": 41166000,
      "cogs": null,
      "rd": 31526000,
      "sga": null,
      "fcf": -38553000,
      "ocf": -37895000,
      "capex": -658000,
      "gross_margin": null,
      "op_margin": -5.359647767650239,
      "fcf_margin": -5.955970956279932,
      "incr_op_margin_yoy": 1.4191520355746376,
      "rev_growth_yoy": -0.6683234269317483,
      "rev_growth_yoy_accel": 0.26196826425533604,
      "op_leverage_ratio": Infinity,
      "fcf_margin_change": -3.617009503587992
    },
    {
      "date": "2025-06-30T00:00:00",
      "quarter_label": "2025-06 (Q2)",
      "revenue": 5200000,
      "gross_profit": null,
      "operating_income": -36625000,
      "net_income": -33382000,
      "opex": 41825000,
      "cogs": null,
      "rd": 31330000,
      "sga": null,
      "fcf": -34366000,
      "ocf": -33261000,
      "capex": -1105000,
      "gross_margin": null,
      "op_margin": -7.043269230769231,
      "fcf_margin": -6.608846153846154,
      "incr_op_margin_yoy": 0.8860447944868324,
      "rev_growth_yoy": -0.8241936574481034,
      "rev_growth_yoy_accel": -0.15587023051635507,
      "fcf_margin_change": -0.6528751975662219
    },
    {
      "date": "2025-09-30T00:00:00",
      "quarter_label": "2025-09 (Q3)",
      "revenue": 13365000,
      "gross_profit": null,
      "operating_income": -30594000,
      "net_income": -27892000,
      "opex": 43959000,
      "cogs": null,
      "rd": 35866000,
      "sga": null,
      "fcf": -31255000,
      "ocf": -31048000,
      "capex": -207000,
      "gross_margin": null,
      "op_margin": -2.2891133557800223,
      "fcf_margin": -2.3385708941264496,
      "incr_op_margin_yoy": 1.4927201704545454,
      "rev_growth_yoy": -0.4573470299240732,
      "rev_growth_yoy_accel": 0.36684662752403013,
      "op_leverage_ratio": 30.774739113978807,
      "fcf_margin_change": 4.270275259719705
    }
  ],
  "signals": [
    {
      "quarter": "2025-09 (Q3)",
      "signal": "FCF MARGIN EXPANSION",
      "detail": "FCF margin: -660.9% -> -233.9% (+427.0%)",
      "severity": "MEDIUM"
    },
    {
      "quarter": "2025-09 (Q3)",
      "signal": "OPERATING LEVERAGE",
      "detail": "Rev growth +157.0% vs OpEx growth +5.1% (leverage: 30.8x)",
      "severity": "MEDIUM"
    },
    {
      "quarter": "2025-09 (Q3)",
      "signal": "YoY REVENUE GROWTH ACCELERATION",
      "detail": "YoY growth: -45.7% vs prior quarter YoY: -82.4% (accel: +36.7%)",
      "severity": "HIGH"
    },
    {
      "quarter": "2025-06 (Q2)",
      "signal": "YoY REVENUE GROWTH DECELERATION",
      "detail": "YoY growth: -82.4% vs prior quarter YoY: -66.8% (decel: -15.6%)",
      "severity": "WARNING"
    },
    {
      "quarter": "2025-03 (Q1)",
      "signal": "YoY REVENUE GROWTH ACCELERATION",
      "detail": "YoY growth: -66.8% vs prior quarter YoY: -93.0% (accel: +26.2%)",
      "severity": "HIGH"
    },
    {
      "quarter": "2024-12 (Q4)",
      "signal": "YoY REVENUE GROWTH DECELERATION",
      "detail": "YoY growth: -93.0% vs prior quarter YoY: +433.8% (decel: -526.8%)",
      "severity": "WARNING"
    },
    {
      "quarter": "2024-09 (Q3)",
      "signal": "YoY REVENUE GROWTH DECELERATION",
      "detail": "YoY growth: +433.8% vs prior quarter YoY: +509.5% (decel: -75.7%)",
      "severity": "WARNING"
    },
    {
      "quarter": "2024-06 (Q2)",
      "signal": "OPERATING LEVERAGE",
      "detail": "Rev growth +51.6% vs OpEx growth +24.9% (leverage: 2.1x)",
      "severity": "MEDIUM"
    },
    {
      "quarter": "2024-06 (Q2)",
      "signal": "YoY REVENUE GROWTH ACCELERATION",
      "detail": "YoY growth: +509.5% vs prior quarter YoY: -87.0% (accel: +596.5%)",
      "severity": "HIGH"
    },
    {
      "quarter": "2024-03 (Q1)",
      "signal": "FCF TURNED POSITIVE",
      "detail": "FCF margin: -27.2% -> +290.2%",
      "severity": "HIGH"
    },
    {
      "quarter": "2023-12 (Q4)",
      "signal": "FCF MARGIN EXPANSION",
      "detail": "FCF margin: -473.2% -> -27.2% (+446.0%)",
      "severity": "MEDIUM"
    },
    {
      "quarter": "2023-12 (Q4)",
      "signal": "OPERATING LEVERAGE",
      "detail": "Rev growth +1851.9% vs OpEx growth +5.5% (leverage: 336.6x)",
      "severity": "MEDIUM"
    },
    {
      "quarter": "2023-12 (Q4)",
      "signal": "OP MARGIN TURNED POSITIVE (QoQ)",
      "detail": "Op margin: -639.5% -> +60.0%",
      "severity": "HIGH"
    },
    {
      "quarter": "2023-09 (Q3)",
      "signal": "YoY REVENUE GROWTH DECELERATION",
      "detail": "YoY growth: -88.8% vs prior quarter YoY: +581.6% (decel: -670.4%)",
      "severity": "WARNING"
    },
    {
      "quarter": "2023-06 (Q2)",
      "signal": "YoY REVENUE GROWTH DECELERATION",
      "detail": "YoY growth: +581.6% vs prior quarter YoY: +22769.3% (decel: -22187.7%)",
      "severity": "WARNING"
    },
    {
      "quarter": "2023-03 (Q1)",
      "signal": "YoY REVENUE GROWTH ACCELERATION",
      "detail": "YoY growth: +22769.3% vs prior quarter YoY: -105.5% (accel: +22874.8%)",
      "severity": "HIGH"
    },
    {
      "quarter": "2023-03 (Q1)",
      "signal": "OP MARGIN TURNED POSITIVE (YoY)",
      "detail": "Op margin: -3244.7% (year-ago) -> +81.7%",
      "severity": "HIGH"
    },
    {
      "quarter": "2022-12 (Q4)",
      "signal": "FCF TURNED POSITIVE",
      "detail": "FCF margin: -40.1% -> +850.1%",
      "severity": "HIGH"
    },
    {
      "quarter": "2022-12 (Q4)",
      "signal": "YoY REVENUE GROWTH DECELERATION",
      "detail": "YoY growth: -105.5% vs prior quarter YoY: +2672.3% (decel: -2777.9%)",
      "severity": "WARNING"
    },
    {
      "quarter": "2022-12 (Q4)",
      "signal": "INCREMENTAL MARGIN (YoY)",
      "detail": "YoY Incr OPM: +102.2% vs year-ago OPM: +20.3%",
      "severity": "HIGH"
    },
    {
      "quarter": "2022-09 (Q3)",
      "signal": "FCF MARGIN EXPANSION",
      "detail": "FCF margin: -2770.6% -> -40.1% (+2730.5%)",
      "severity": "MEDIUM"
    },
    {
      "quarter": "2022-09 (Q3)",
      "signal": "OPERATING LEVERAGE",
      "detail": "Rev growth +5670.5% vs OpEx growth +32.7% (leverage: 173.4x)",
      "severity": "MEDIUM"
    },
    {
      "quarter": "2022-09 (Q3)",
      "signal": "YoY REVENUE GROWTH ACCELERATION",
      "detail": "YoY growth: +2672.3% vs prior quarter YoY: -47.5% (accel: +2719.9%)",
      "severity": "HIGH"
    },
    {
      "quarter": "2022-09 (Q3)",
      "signal": "OP MARGIN TURNED POSITIVE (YoY)",
      "detail": "Op margin: -1696.8% (year-ago) -> +35.2%",
      "severity": "HIGH"
    },
    {
      "quarter": "2022-09 (Q3)",
      "signal": "OP MARGIN TURNED POSITIVE (QoQ)",
      "detail": "Op margin: -2720.1% -> +35.2%",
      "severity": "HIGH"
    },
    {
      "quarter": "2022-06 (Q2)",
      "signal": "YoY REVENUE GROWTH ACCELERATION",
      "detail": "YoY growth: -47.5% vs prior quarter YoY: -89.9% (accel: +42.3%)",
      "severity": "HIGH"
    },
    {
      "quarter": "2022-03 (Q1)",
      "signal": "FCF MARGIN EXPANSION",
      "detail": "FCF margin: +38.6% -> +5226.1% (+5187.5%)",
      "severity": "MEDIUM"
    },
    {
      "quarter": "2022-03 (Q1)",
      "signal": "YoY REVENUE GROWTH DECELERATION",
      "detail": "YoY growth: -89.9% vs prior quarter YoY: +329.4% (decel: -419.3%)",
      "severity": "WARNING"
    },
    {
      "quarter": "2021-12 (Q4)",
      "signal": "FCF TURNED POSITIVE",
      "detail": "FCF margin: -1441.9% -> +38.6%",
      "severity": "HIGH"
    },
    {
      "quarter": "2021-12 (Q4)",
      "signal": "OP MARGIN TURNED POSITIVE (YoY)",
      "detail": "Op margin: -363.0% (year-ago) -> +20.3%",
      "severity": "HIGH"
    },
    {
      "quarter": "2021-12 (Q4)",
      "signal": "OP MARGIN TURNED POSITIVE (QoQ)",
      "detail": "Op margin: -1696.8% -> +20.3%",
      "severity": "HIGH"
    },
    {
      "quarter": "2021-09 (Q3)",
      "signal": "FCF MARGIN EXPANSION",
      "detail": "FCF margin: -1690.8% -> -1441.9% (+248.9%)",
      "severity": "MEDIUM"
    },
    {
      "quarter": "2021-03 (Q1)",
      "signal": "FCF MARGIN EXPANSION",
      "detail": "FCF margin: -390.6% -> -333.3% (+57.3%)",
      "severity": "MEDIUM"
    }
  ],
  "data_quality": {
    "n_quarters": 20,
    "coverage": {
      "revenue": [
        20,
        20
      ],
      "gross_profit": [
        0,
        20
      ],
      "op_income": [
        20,
        20
      ],
      "fcf": [
        20,
        20
      ]
    },
    "gaps": [],
    "warnings": [
      "gross_profit: no data"
    ]
  },
  "market_cap": null,
  "source": "SEC EDGAR",
  "last_updated": "2026-02-02T22:58:00.113821"
}