{
  "ticker": "VZ",
  "name": "VERIZON COMMUNICATIONS INC",
  "sector": "Communication Services",
  "industry": "Telecom Services",
  "quarters": [
    {
      "date": "2021-03-31T00:00:00",
      "quarter_label": "2021-03 (Q1)",
      "revenue": 32867000000,
      "gross_profit": null,
      "operating_income": 7770000000,
      "net_income": 5245000000,
      "opex": 25097000000,
      "cogs": null,
      "rd": null,
      "sga": 7401000000,
      "fcf": 9694000000,
      "ocf": 9694000000,
      "capex": null,
      "gross_margin": null,
      "op_margin": 0.23640733866796482,
      "fcf_margin": 0.2949462987190799
    },
    {
      "date": "2021-06-30T00:00:00",
      "quarter_label": "2021-06 (Q2)",
      "revenue": 33764000000,
      "gross_profit": null,
      "operating_income": 8165000000,
      "net_income": 5800000000,
      "opex": 25599000000,
      "cogs": null,
      "rd": null,
      "sga": 7324000000,
      "fcf": 10744000000,
      "ocf": 10744000000,
      "capex": null,
      "gross_margin": null,
      "op_margin": 0.24182561307901906,
      "fcf_margin": 0.3182087430399242,
      "op_leverage_ratio": 1.3644275243323418,
      "fcf_margin_change": 0.02326244432084429
    },
    {
      "date": "2021-09-30T00:00:00",
      "quarter_label": "2021-09 (Q3)",
      "revenue": 32915000000,
      "gross_profit": null,
      "operating_income": 8905000000,
      "net_income": 6407000000,
      "opex": 24010000000,
      "cogs": null,
      "rd": null,
      "sga": 6521000000,
      "fcf": 10724000000,
      "ocf": 10724000000,
      "capex": null,
      "gross_margin": null,
      "op_margin": 0.2705453440680541,
      "fcf_margin": 0.3258089017165426,
      "fcf_margin_change": 0.007600158676618396
    },
    {
      "date": "2021-12-31T00:00:00",
      "quarter_label": "2021-12 (Q4)",
      "revenue": 34067000000,
      "gross_profit": null,
      "operating_income": 7608000000,
      "net_income": 4613000000,
      "opex": 26459000000,
      "cogs": null,
      "rd": null,
      "sga": 7412000000,
      "fcf": 8377000000,
      "ocf": 8377000000,
      "capex": null,
      "gross_margin": null,
      "op_margin": 0.22332462500366923,
      "fcf_margin": 0.24589778964980774,
      "op_leverage_ratio": 0.34313261071196477,
      "fcf_margin_change": -0.07991111206673485
    },
    {
      "date": "2022-03-31T00:00:00",
      "quarter_label": "2022-03 (Q1)",
      "revenue": 33554000000,
      "gross_profit": null,
      "operating_income": 7796000000,
      "net_income": 4580000000,
      "opex": 25758000000,
      "cogs": null,
      "rd": null,
      "sga": 7172000000,
      "fcf": 6821000000,
      "ocf": 6821000000,
      "capex": null,
      "gross_margin": null,
      "op_margin": 0.23234189664421528,
      "fcf_margin": 0.20328425821064552,
      "incr_op_margin_yoy": 0.03784570596797671,
      "rev_growth_yoy": 0.020902424924696503,
      "fcf_margin_change": -0.04261353143916222
    },
    {
      "date": "2022-06-30T00:00:00",
      "quarter_label": "2022-06 (Q2)",
      "revenue": 33789000000,
      "gross_profit": null,
      "operating_income": 7552000000,
      "net_income": 5199000000,
      "opex": 26237000000,
      "cogs": null,
      "rd": null,
      "sga": 7496000000,
      "fcf": 10844000000,
      "ocf": 10844000000,
      "capex": null,
      "gross_margin": null,
      "op_margin": 0.2235046908757288,
      "fcf_margin": 0.3209328479682737,
      "incr_op_margin_yoy": -24.52,
      "rev_growth_yoy": 0.000740433597914939,
      "rev_growth_yoy_accel": -0.020161991326781564,
      "fcf_margin_change": 0.11764858975762818
    },
    {
      "date": "2022-09-30T00:00:00",
      "quarter_label": "2022-09 (Q3)",
      "revenue": 34241000000,
      "gross_profit": null,
      "operating_income": 7894000000,
      "net_income": 4900000000,
      "opex": 26347000000,
      "cogs": null,
      "rd": null,
      "sga": 7422000000,
      "fcf": 10534000000,
      "ocf": 10534000000,
      "capex": null,
      "gross_margin": null,
      "op_margin": 0.2305423322916971,
      "fcf_margin": 0.3076428842615578,
      "incr_op_margin_yoy": -0.7624434389140271,
      "rev_growth_yoy": 0.04028558408020659,
      "rev_growth_yoy_accel": 0.03954515048229165,
      "op_leverage_ratio": 3.1906898156742782,
      "fcf_margin_change": -0.013289963706715924
    },
    {
      "date": "2022-12-31T00:00:00",
      "quarter_label": "2022-12 (Q4)",
      "revenue": 35251000000,
      "gross_profit": null,
      "operating_income": 7225000000,
      "net_income": 6577000000,
      "opex": 28026000000,
      "cogs": null,
      "rd": null,
      "sga": 8046000000,
      "fcf": 8942000000,
      "ocf": 8942000000,
      "capex": null,
      "gross_margin": null,
      "op_margin": 0.20495872457518935,
      "fcf_margin": 0.2536665626507049,
      "incr_op_margin_yoy": -0.3234797297297297,
      "rev_growth_yoy": 0.03475504153579711,
      "rev_growth_yoy_accel": -0.005530542544409482,
      "op_leverage_ratio": 0.4628661372158344,
      "fcf_margin_change": -0.05397632161085286
    },
    {
      "date": "2023-03-31T00:00:00",
      "quarter_label": "2023-03 (Q1)",
      "revenue": 32912000000,
      "gross_profit": null,
      "operating_income": 7584000000,
      "net_income": 4909000000,
      "opex": 25328000000,
      "cogs": null,
      "rd": null,
      "sga": 7506000000,
      "fcf": 8289000000,
      "ocf": 8289000000,
      "capex": null,
      "gross_margin": null,
      "op_margin": 0.23043266893534273,
      "fcf_margin": 0.25185342732134175,
      "incr_op_margin_yoy": 0.3302180685358255,
      "rev_growth_yoy": -0.019133337307027477,
      "rev_growth_yoy_accel": -0.05388837884282459,
      "fcf_margin_change": -0.0018131353293631691
    },
    {
      "date": "2023-06-30T00:00:00",
      "quarter_label": "2023-06 (Q2)",
      "revenue": 32596000000,
      "gross_profit": null,
      "operating_income": 7220000000,
      "net_income": 4648000000,
      "opex": 25376000000,
      "cogs": null,
      "rd": null,
      "sga": 8253000000,
      "fcf": 9731000000,
      "ocf": 9731000000,
      "capex": null,
      "gross_margin": null,
      "op_margin": 0.2214995704994478,
      "fcf_margin": 0.2985335624002945,
      "incr_op_margin_yoy": 0.27829002514668905,
      "rev_growth_yoy": -0.035307348545384594,
      "rev_growth_yoy_accel": -0.016174011238357117,
      "fcf_margin_change": 0.046680135078952745
    },
    {
      "date": "2023-09-30T00:00:00",
      "quarter_label": "2023-09 (Q3)",
      "revenue": 33336000000,
      "gross_profit": null,
      "operating_income": 7473000000,
      "net_income": 4762000000,
      "opex": 25863000000,
      "cogs": null,
      "rd": null,
      "sga": 7995000000,
      "fcf": 10778000000,
      "ocf": 10778000000,
      "capex": null,
      "gross_margin": null,
      "op_margin": 0.22417206623470123,
      "fcf_margin": 0.32331413486921046,
      "incr_op_margin_yoy": 0.46519337016574586,
      "rev_growth_yoy": -0.026430302853304517,
      "rev_growth_yoy_accel": 0.008877045692080077,
      "op_leverage_ratio": 1.182936997598375,
      "fcf_margin_change": 0.024780572468915962
    },
    {
      "date": "2023-12-31T00:00:00",
      "quarter_label": "2023-12 (Q4)",
      "revenue": 35130000000,
      "gross_profit": null,
      "operating_income": 600000000,
      "net_income": -2705000000,
      "opex": 34530000000,
      "cogs": null,
      "rd": null,
      "sga": 8991000000,
      "fcf": 8677000000,
      "ocf": 8677000000,
      "capex": null,
      "gross_margin": null,
      "op_margin": 0.017079419299743808,
      "fcf_margin": 0.24699686877312838,
      "incr_op_margin_yoy": 54.752066115702476,
      "rev_growth_yoy": -0.0034325267368301607,
      "rev_growth_yoy_accel": 0.022997776116474355,
      "op_leverage_ratio": 0.1605902057430421,
      "fcf_margin_change": -0.07631726609608208
    },
    {
      "date": "2024-03-31T00:00:00",
      "quarter_label": "2024-03 (Q1)",
      "revenue": 32981000000,
      "gross_profit": null,
      "operating_income": 7521000000,
      "net_income": 4602000000,
      "opex": 25460000000,
      "cogs": null,
      "rd": null,
      "sga": 8143000000,
      "fcf": 7084000000,
      "ocf": 7084000000,
      "capex": null,
      "gross_margin": null,
      "op_margin": 0.2280403868894212,
      "fcf_margin": 0.21479033382856796,
      "incr_op_margin_yoy": -0.9130434782608695,
      "rev_growth_yoy": 0.0020964997569275644,
      "rev_growth_yoy_accel": 0.005529026493757725,
      "fcf_margin_change": -0.03220653494456041
    },
    {
      "date": "2024-06-30T00:00:00",
      "quarter_label": "2024-06 (Q2)",
      "revenue": 32796000000,
      "gross_profit": null,
      "operating_income": 7818000000,
      "net_income": 4593000000,
      "opex": 24978000000,
      "cogs": null,
      "rd": null,
      "sga": 8024000000,
      "fcf": 9485000000,
      "ocf": 9485000000,
      "capex": null,
      "gross_margin": null,
      "op_margin": 0.23838272960117088,
      "fcf_margin": 0.2892120990364679,
      "incr_op_margin_yoy": 2.99,
      "rev_growth_yoy": 0.0061357221744999385,
      "rev_growth_yoy_accel": 0.0040392224175723745,
      "fcf_margin_change": 0.07442176520789992
    },
    {
      "date": "2024-09-30T00:00:00",
      "quarter_label": "2024-09 (Q3)",
      "revenue": 33330000000,
      "gross_profit": null,
      "operating_income": 5926000000,
      "net_income": 3306000000,
      "opex": 27404000000,
      "cogs": null,
      "rd": null,
      "sga": 9706000000,
      "fcf": 9911000000,
      "ocf": 9911000000,
      "capex": null,
      "gross_margin": null,
      "op_margin": 0.1777977797779778,
      "fcf_margin": 0.2973597359735974,
      "incr_op_margin_yoy": 257.8333333333333,
      "rev_growth_yoy": -0.00017998560115190784,
      "rev_growth_yoy_accel": -0.006315707775651846,
      "op_leverage_ratio": 0.16764370255275135,
      "fcf_margin_change": 0.008147636937129499
    },
    {
      "date": "2024-12-31T00:00:00",
      "quarter_label": "2024-12 (Q4)",
      "revenue": 35681000000,
      "gross_profit": null,
      "operating_income": 7421000000,
      "net_income": 5005000000,
      "opex": 28260000000,
      "cogs": null,
      "rd": null,
      "sga": 8240000000,
      "fcf": 10432000000,
      "ocf": 10432000000,
      "capex": null,
      "gross_margin": null,
      "op_margin": 0.207981839074017,
      "fcf_margin": 0.29236848743028504,
      "incr_op_margin_yoy": 12.379310344827585,
      "rev_growth_yoy": 0.015684600056931397,
      "rev_growth_yoy_accel": 0.015864585658083304,
      "op_leverage_ratio": 2.2581745557733344,
      "fcf_margin_change": -0.004991248543312343
    },
    {
      "date": "2025-03-31T00:00:00",
      "quarter_label": "2025-03 (Q1)",
      "revenue": 33485000000,
      "gross_profit": null,
      "operating_income": 7978000000,
      "net_income": 4879000000,
      "opex": 25507000000,
      "cogs": null,
      "rd": null,
      "sga": 7874000000,
      "fcf": 7782000000,
      "ocf": 7782000000,
      "capex": null,
      "gross_margin": null,
      "op_margin": 0.23825593549350454,
      "fcf_margin": 0.23240256831417053,
      "incr_op_margin_yoy": 0.9067460317460317,
      "rev_growth_yoy": 0.01528152572693369,
      "rev_growth_yoy_accel": -0.00040307432999770777,
      "fcf_margin_change": -0.05996591911611451
    },
    {
      "date": "2025-06-30T00:00:00",
      "quarter_label": "2025-06 (Q2)",
      "revenue": 34504000000,
      "gross_profit": null,
      "operating_income": 8172000000,
      "net_income": 5003000000,
      "opex": 26332000000,
      "cogs": null,
      "rd": null,
      "sga": 7812000000,
      "fcf": 8975000000,
      "ocf": 8975000000,
      "capex": null,
      "gross_margin": null,
      "op_margin": 0.23684210526315788,
      "fcf_margin": 0.2601147693021099,
      "incr_op_margin_yoy": 0.20725995316159251,
      "rev_growth_yoy": 0.05207952189291377,
      "rev_growth_yoy_accel": 0.036797996165980076,
      "op_leverage_ratio": 0.9408693354328714,
      "fcf_margin_change": 0.02771220098793939
    },
    {
      "date": "2025-09-30T00:00:00",
      "quarter_label": "2025-09 (Q3)",
      "revenue": 33821000000,
      "gross_profit": null,
      "operating_income": 8105000000,
      "net_income": 4950000000,
      "opex": 25716000000,
      "cogs": null,
      "rd": null,
      "sga": 7752000000,
      "fcf": 11266000000,
      "ocf": 11266000000,
      "capex": null,
      "gross_margin": null,
      "op_margin": 0.23964400816061027,
      "fcf_margin": 0.3331066497146743,
      "incr_op_margin_yoy": 4.437881873727088,
      "rev_growth_yoy": 0.014731473147314732,
      "rev_growth_yoy_accel": -0.037348048745599036,
      "fcf_margin_change": 0.07299188041256438
    },
    {
      "date": "2025-12-31T00:00:00",
      "quarter_label": "2025-12 (Q4)",
      "revenue": 36381000000,
      "gross_profit": null,
      "operating_income": 5004000000,
      "net_income": 2342000000,
      "opex": 31377000000,
      "cogs": null,
      "rd": null,
      "sga": 10380000000,
      "fcf": 9114000000,
      "ocf": 9114000000,
      "capex": null,
      "gross_margin": null,
      "op_margin": 0.1375443225859652,
      "fcf_margin": 0.2505153789065721,
      "incr_op_margin_yoy": -3.452857142857143,
      "rev_growth_yoy": 0.01961828424091253,
      "rev_growth_yoy_accel": 0.0048868110935977975,
      "op_leverage_ratio": 0.3438458468660727,
      "fcf_margin_change": -0.08259127080810219
    }
  ],
  "signals": [
    {
      "quarter": "2025-09 (Q3)",
      "signal": "FCF MARGIN EXPANSION",
      "detail": "FCF margin: +26.0% -> +33.3% (+7.3%)",
      "severity": "MEDIUM"
    },
    {
      "quarter": "2025-09 (Q3)",
      "signal": "INCREMENTAL MARGIN (YoY)",
      "detail": "YoY Incr OPM: +443.8% vs year-ago OPM: +17.8%",
      "severity": "HIGH"
    },
    {
      "quarter": "2025-03 (Q1)",
      "signal": "INCREMENTAL MARGIN (YoY)",
      "detail": "YoY Incr OPM: +90.7% vs year-ago OPM: +22.8%",
      "severity": "HIGH"
    },
    {
      "quarter": "2024-12 (Q4)",
      "signal": "OPERATING LEVERAGE",
      "detail": "Rev growth +7.1% vs OpEx growth +3.1% (leverage: 2.3x)",
      "severity": "MEDIUM"
    },
    {
      "quarter": "2024-12 (Q4)",
      "signal": "INCREMENTAL MARGIN (YoY)",
      "detail": "YoY Incr OPM: +1237.9% vs year-ago OPM: +1.7%",
      "severity": "HIGH"
    },
    {
      "quarter": "2024-09 (Q3)",
      "signal": "INCREMENTAL MARGIN (YoY)",
      "detail": "YoY Incr OPM: +25783.3% vs year-ago OPM: +22.4%",
      "severity": "HIGH"
    },
    {
      "quarter": "2024-06 (Q2)",
      "signal": "FCF MARGIN EXPANSION",
      "detail": "FCF margin: +21.5% -> +28.9% (+7.4%)",
      "severity": "MEDIUM"
    },
    {
      "quarter": "2024-06 (Q2)",
      "signal": "INCREMENTAL MARGIN (YoY)",
      "detail": "YoY Incr OPM: +299.0% vs year-ago OPM: +22.1%",
      "severity": "HIGH"
    },
    {
      "quarter": "2023-12 (Q4)",
      "signal": "INCREMENTAL MARGIN (YoY)",
      "detail": "YoY Incr OPM: +5475.2% vs year-ago OPM: +20.5%",
      "severity": "HIGH"
    },
    {
      "quarter": "2023-09 (Q3)",
      "signal": "INCREMENTAL MARGIN (YoY)",
      "detail": "YoY Incr OPM: +46.5% vs year-ago OPM: +23.1%",
      "severity": "HIGH"
    },
    {
      "quarter": "2023-03 (Q1)",
      "signal": "YoY REVENUE GROWTH DECELERATION",
      "detail": "YoY growth: -1.9% vs prior quarter YoY: +3.5% (decel: -5.4%)",
      "severity": "WARNING"
    },
    {
      "quarter": "2022-09 (Q3)",
      "signal": "OPERATING LEVERAGE",
      "detail": "Rev growth +1.3% vs OpEx growth +0.4% (leverage: 3.2x)",
      "severity": "MEDIUM"
    },
    {
      "quarter": "2022-06 (Q2)",
      "signal": "FCF MARGIN EXPANSION",
      "detail": "FCF margin: +20.3% -> +32.1% (+11.8%)",
      "severity": "MEDIUM"
    }
  ],
  "data_quality": {
    "n_quarters": 20,
    "coverage": {
      "revenue": [
        20,
        20
      ],
      "gross_profit": [
        0,
        20
      ],
      "op_income": [
        20,
        20
      ],
      "fcf": [
        20,
        20
      ]
    },
    "gaps": [],
    "warnings": [
      "gross_profit: no data"
    ]
  },
  "market_cap": null,
  "source": "SEC EDGAR",
  "last_updated": "2026-02-24T10:36:45.153638"
}