{
  "ticker": "W",
  "name": "Wayfair\u00a0Inc.",
  "quarters": [
    {
      "date": "2020-12-31T00:00:00",
      "quarter_label": "2020-12 (Q4)",
      "revenue": 3670851000,
      "gross_profit": 1064590000,
      "operating_income": 100565000,
      "net_income": 23818000,
      "opex": 964025000,
      "cogs": 2606261000,
      "rd": null,
      "sga": null,
      "fcf": 167315000,
      "ocf": 207012000,
      "capex": -39697000,
      "gross_margin": 0.290011771112475,
      "op_margin": 0.027395554872698458,
      "fcf_margin": 0.04557934931164463
    },
    {
      "date": "2021-03-31T00:00:00",
      "quarter_label": "2021-03 (Q1)",
      "revenue": 3477518000,
      "gross_profit": 1003027000,
      "operating_income": 26342000,
      "net_income": 18234000,
      "opex": 976685000,
      "cogs": 2474491000,
      "rd": null,
      "sga": null,
      "fcf": 153000000,
      "ocf": 177000000,
      "capex": -24000000,
      "gross_margin": 0.28843186433542545,
      "op_margin": 0.007574942818412442,
      "fcf_margin": 0.04399689663719929,
      "fcf_margin_change": -0.0015824526744453449
    },
    {
      "date": "2021-06-30T00:00:00",
      "quarter_label": "2021-06 (Q2)",
      "revenue": 3857626000,
      "gross_profit": 1128060000,
      "operating_income": 145207000,
      "net_income": 130428000,
      "opex": 982853000,
      "cogs": 2729566000,
      "rd": null,
      "sga": null,
      "fcf": 250000000,
      "ocf": 275000000,
      "capex": -25000000,
      "gross_margin": 0.29242337126512524,
      "op_margin": 0.037641544307301954,
      "fcf_margin": 0.06480669717593152,
      "op_leverage_ratio": 17.308035461087673,
      "fcf_margin_change": 0.02080980053873223
    },
    {
      "date": "2021-09-30T00:00:00",
      "quarter_label": "2021-09 (Q3)",
      "revenue": 3121083000,
      "gross_profit": 882728000,
      "operating_income": -69798000,
      "net_income": -78021000,
      "opex": 952526000,
      "cogs": 2238355000,
      "rd": null,
      "sga": null,
      "fcf": -160000000,
      "ocf": -131000000,
      "capex": -29000000,
      "gross_margin": 0.28282746726056307,
      "op_margin": -0.022363391169026903,
      "fcf_margin": -0.0512642566698803,
      "fcf_margin_change": -0.11607095384581181
    },
    {
      "date": "2021-12-31T00:00:00",
      "quarter_label": "2021-12 (Q4)",
      "revenue": 3251773000,
      "gross_profit": 881185000,
      "operating_income": -195751000,
      "net_income": -201641000,
      "opex": 1076936000,
      "cogs": 2370588000,
      "rd": null,
      "sga": null,
      "fcf": 66000000,
      "ocf": 89000000,
      "capex": -23000000,
      "gross_margin": 0.27098601286129137,
      "op_margin": -0.06019823646976588,
      "fcf_margin": 0.020296619720995286,
      "incr_op_margin_yoy": 0.7070664649540181,
      "rev_growth_yoy": -0.11416371844022,
      "op_leverage_ratio": 0.3205963611298377,
      "fcf_margin_change": 0.07156087639087558
    },
    {
      "date": "2022-03-31T00:00:00",
      "quarter_label": "2022-03 (Q1)",
      "revenue": 2993000000,
      "gross_profit": 803000000,
      "operating_income": -310000000,
      "net_income": -319000000,
      "opex": 1113000000,
      "cogs": 2190000000,
      "rd": null,
      "sga": null,
      "fcf": -266000000,
      "ocf": -226000000,
      "capex": -40000000,
      "gross_margin": 0.2682926829268293,
      "op_margin": -0.10357500835282325,
      "fcf_margin": -0.08887403942532576,
      "incr_op_margin_yoy": 0.694178544450361,
      "rev_growth_yoy": -0.13932868212328448,
      "rev_growth_yoy_accel": -0.02516496368306448,
      "fcf_margin_change": -0.10917065914632104
    },
    {
      "date": "2022-06-30T00:00:00",
      "quarter_label": "2022-06 (Q2)",
      "revenue": 3284000000,
      "gross_profit": 896000000,
      "operating_income": -372000000,
      "net_income": -378000000,
      "opex": 1268000000,
      "cogs": 2388000000,
      "rd": null,
      "sga": null,
      "fcf": -168000000,
      "ocf": -115000000,
      "capex": -53000000,
      "gross_margin": 0.2728380024360536,
      "op_margin": -0.11327649208282582,
      "fcf_margin": -0.05115712545676005,
      "incr_op_margin_yoy": 0.9016449742515158,
      "rev_growth_yoy": -0.14869922589696358,
      "rev_growth_yoy_accel": -0.009370543773679102,
      "op_leverage_ratio": 0.6981516010476057,
      "fcf_margin_change": 0.03771691396856571
    },
    {
      "date": "2022-09-30T00:00:00",
      "quarter_label": "2022-09 (Q3)",
      "revenue": 2840000000,
      "gross_profit": 824000000,
      "operating_income": -372000000,
      "net_income": -283000000,
      "opex": 1196000000,
      "cogs": 2016000000,
      "rd": null,
      "sga": null,
      "fcf": -474000000,
      "ocf": -431000000,
      "capex": -43000000,
      "gross_margin": 0.29014084507042254,
      "op_margin": -0.13098591549295774,
      "fcf_margin": -0.16690140845070423,
      "incr_op_margin_yoy": 1.0751343909094466,
      "rev_growth_yoy": -0.09005944410962477,
      "rev_growth_yoy_accel": 0.05863978178733881,
      "fcf_margin_change": -0.11574428299394418
    },
    {
      "date": "2022-12-31T00:00:00",
      "quarter_label": "2022-12 (Q4)",
      "revenue": 3101000000,
      "gross_profit": 893000000,
      "operating_income": -330000000,
      "net_income": -351000000,
      "opex": 1223000000,
      "cogs": 2208000000,
      "rd": null,
      "sga": null,
      "fcf": 48000000,
      "ocf": 98000000,
      "capex": -50000000,
      "gross_margin": 0.28797162205740084,
      "op_margin": -0.10641728474685586,
      "fcf_margin": 0.015478877781360851,
      "incr_op_margin_yoy": 0.8904047806968091,
      "rev_growth_yoy": -0.04636639765444882,
      "rev_growth_yoy_accel": 0.04369304645517595,
      "op_leverage_ratio": 4.070892018779343,
      "fcf_margin_change": 0.18238028623206506
    },
    {
      "date": "2023-03-31T00:00:00",
      "quarter_label": "2023-03 (Q1)",
      "revenue": 2774000000,
      "gross_profit": 821000000,
      "operating_income": -347000000,
      "net_income": -355000000,
      "opex": 1168000000,
      "cogs": 1953000000,
      "rd": null,
      "sga": null,
      "fcf": -181000000,
      "ocf": -147000000,
      "capex": -34000000,
      "gross_margin": 0.2959625090122567,
      "op_margin": -0.1250901225666907,
      "fcf_margin": -0.06524873828406633,
      "incr_op_margin_yoy": 0.1689497716894977,
      "rev_growth_yoy": -0.07317073170731707,
      "rev_growth_yoy_accel": -0.02680433405286825,
      "fcf_margin_change": -0.08072761606542718
    },
    {
      "date": "2023-06-30T00:00:00",
      "quarter_label": "2023-06 (Q2)",
      "revenue": 3171000000,
      "gross_profit": 985000000,
      "operating_income": -142000000,
      "net_income": -46000000,
      "opex": 1127000000,
      "cogs": 2186000000,
      "rd": null,
      "sga": null,
      "fcf": 180000000,
      "ocf": 217000000,
      "capex": -37000000,
      "gross_margin": 0.31062756228319144,
      "op_margin": -0.04478082623777988,
      "fcf_margin": 0.05676442762535478,
      "incr_op_margin_yoy": -2.0353982300884956,
      "rev_growth_yoy": -0.03440925700365408,
      "rev_growth_yoy_accel": 0.038761474703662986,
      "op_leverage_ratio": Infinity,
      "fcf_margin_change": 0.1220131659094211
    },
    {
      "date": "2023-09-30T00:00:00",
      "quarter_label": "2023-09 (Q3)",
      "revenue": 2944000000,
      "gross_profit": 917000000,
      "operating_income": -152000000,
      "net_income": -163000000,
      "opex": 1069000000,
      "cogs": 2027000000,
      "rd": null,
      "sga": null,
      "fcf": 91000000,
      "ocf": 121000000,
      "capex": -30000000,
      "gross_margin": 0.31148097826086957,
      "op_margin": -0.051630434782608696,
      "fcf_margin": 0.03091032608695652,
      "incr_op_margin_yoy": 2.1153846153846154,
      "rev_growth_yoy": 0.036619718309859155,
      "rev_growth_yoy_accel": 0.07102897531351324,
      "fcf_margin_change": -0.02585410153839826
    },
    {
      "date": "2023-12-31T00:00:00",
      "quarter_label": "2023-12 (Q4)",
      "revenue": 3114000000,
      "gross_profit": 944000000,
      "operating_income": -172000000,
      "net_income": -174000000,
      "opex": 1116000000,
      "cogs": 2170000000,
      "rd": null,
      "sga": null,
      "fcf": 111000000,
      "ocf": 158000000,
      "capex": -47000000,
      "gross_margin": 0.3031470777135517,
      "op_margin": -0.05523442517662171,
      "fcf_margin": 0.03564547206165703,
      "incr_op_margin_yoy": 12.153846153846153,
      "rev_growth_yoy": 0.00419219606578523,
      "rev_growth_yoy_accel": -0.03242752224407393,
      "op_leverage_ratio": 1.3133817067530065,
      "fcf_margin_change": 0.004735145974700511
    },
    {
      "date": "2024-03-31T00:00:00",
      "quarter_label": "2024-03 (Q1)",
      "revenue": 2729000000,
      "gross_profit": 819000000,
      "operating_income": -235000000,
      "net_income": -248000000,
      "opex": 1054000000,
      "cogs": 1910000000,
      "rd": null,
      "sga": null,
      "fcf": -152000000,
      "ocf": -139000000,
      "capex": -13000000,
      "gross_margin": 0.3001099303774276,
      "op_margin": -0.08611212898497618,
      "fcf_margin": -0.055698057896665445,
      "incr_op_margin_yoy": -2.488888888888889,
      "rev_growth_yoy": -0.016222062004325882,
      "rev_growth_yoy_accel": -0.020414258070111112,
      "fcf_margin_change": -0.09134352995832248
    },
    {
      "date": "2024-06-30T00:00:00",
      "quarter_label": "2024-06 (Q2)",
      "revenue": 3117000000,
      "gross_profit": 941000000,
      "operating_income": -35000000,
      "net_income": -42000000,
      "opex": 976000000,
      "cogs": 2176000000,
      "rd": null,
      "sga": null,
      "fcf": 222000000,
      "ocf": 245000000,
      "capex": -23000000,
      "gross_margin": 0.3018928456849535,
      "op_margin": -0.01122874558870709,
      "fcf_margin": 0.0712223291626564,
      "incr_op_margin_yoy": -1.9814814814814814,
      "rev_growth_yoy": -0.017029328287606435,
      "rev_growth_yoy_accel": -0.0008072662832805527,
      "op_leverage_ratio": Infinity,
      "fcf_margin_change": 0.12692038705932185
    },
    {
      "date": "2024-09-30T00:00:00",
      "quarter_label": "2024-09 (Q3)",
      "revenue": 2884000000,
      "gross_profit": 873000000,
      "operating_income": -74000000,
      "net_income": -74000000,
      "opex": 947000000,
      "cogs": 2011000000,
      "rd": null,
      "sga": null,
      "fcf": 32000000,
      "ocf": 49000000,
      "capex": -17000000,
      "gross_margin": 0.3027045769764216,
      "op_margin": -0.02565880721220527,
      "fcf_margin": 0.011095700416088766,
      "incr_op_margin_yoy": -1.3,
      "rev_growth_yoy": -0.020380434782608696,
      "rev_growth_yoy_accel": -0.003351106495002261,
      "fcf_margin_change": -0.060126628746567636
    },
    {
      "date": "2024-12-31T00:00:00",
      "quarter_label": "2024-12 (Q4)",
      "revenue": 3121000000,
      "gross_profit": 941000000,
      "operating_income": -117000000,
      "net_income": -128000000,
      "opex": 1058000000,
      "cogs": 2180000000,
      "rd": null,
      "sga": null,
      "fcf": 142000000,
      "ocf": 162000000,
      "capex": -20000000,
      "gross_margin": 0.30150592758731176,
      "op_margin": -0.037487984620314004,
      "fcf_margin": 0.04549823774431272,
      "incr_op_margin_yoy": 7.857142857142857,
      "rev_growth_yoy": 0.00224791265253693,
      "rev_growth_yoy_accel": 0.022628347435145624,
      "op_leverage_ratio": 0.7011001986730143,
      "fcf_margin_change": 0.03440253732822395
    },
    {
      "date": "2025-03-31T00:00:00",
      "quarter_label": "2025-03 (Q1)",
      "revenue": 2730000000,
      "gross_profit": 837000000,
      "operating_income": -122000000,
      "net_income": -113000000,
      "opex": 959000000,
      "cogs": 1893000000,
      "rd": null,
      "sga": null,
      "fcf": -101000000,
      "ocf": -96000000,
      "capex": -5000000,
      "gross_margin": 0.3065934065934066,
      "op_margin": -0.04468864468864469,
      "fcf_margin": -0.036996336996337,
      "rev_growth_yoy": 0.00036643459142543056,
      "rev_growth_yoy_accel": -0.0018814780611114993,
      "fcf_margin_change": -0.08249457474064972
    },
    {
      "date": "2025-06-30T00:00:00",
      "quarter_label": "2025-06 (Q2)",
      "revenue": 3273000000,
      "gross_profit": 984000000,
      "operating_income": 17000000,
      "net_income": 15000000,
      "opex": 967000000,
      "cogs": 2289000000,
      "rd": null,
      "sga": null,
      "fcf": 260000000,
      "ocf": 273000000,
      "capex": -13000000,
      "gross_margin": 0.3006416131989001,
      "op_margin": 0.005194011610143599,
      "fcf_margin": 0.07943782462572563,
      "incr_op_margin_yoy": 0.3333333333333333,
      "rev_growth_yoy": 0.05004812319538017,
      "rev_growth_yoy_accel": 0.04968168860395474,
      "op_leverage_ratio": 23.843269230769227,
      "fcf_margin_change": 0.11643416162206263
    },
    {
      "date": "2025-09-30T00:00:00",
      "quarter_label": "2025-09 (Q3)",
      "revenue": 3117000000,
      "gross_profit": 934000000,
      "operating_income": 38000000,
      "net_income": -99000000,
      "opex": 896000000,
      "cogs": 2183000000,
      "rd": null,
      "sga": null,
      "fcf": 128000000,
      "ocf": 155000000,
      "capex": -27000000,
      "gross_margin": 0.29964709656721206,
      "op_margin": 0.012191209496310555,
      "fcf_margin": 0.0410651267244145,
      "incr_op_margin_yoy": 0.48068669527896996,
      "rev_growth_yoy": 0.08079056865464633,
      "rev_growth_yoy_accel": 0.03074244545926616,
      "fcf_margin_change": -0.03837269790131113
    }
  ],
  "signals": [
    {
      "quarter": "2025-09 (Q3)",
      "signal": "OP MARGIN TURNED POSITIVE (YoY)",
      "detail": "Op margin: -2.6% (year-ago) -> +1.2%",
      "severity": "HIGH"
    },
    {
      "quarter": "2025-06 (Q2)",
      "signal": "FCF TURNED POSITIVE",
      "detail": "FCF margin: -3.7% -> +7.9%",
      "severity": "HIGH"
    },
    {
      "quarter": "2025-06 (Q2)",
      "signal": "OPERATING LEVERAGE",
      "detail": "Rev growth +19.9% vs OpEx growth +0.8% (leverage: 23.8x)",
      "severity": "MEDIUM"
    },
    {
      "quarter": "2025-06 (Q2)",
      "signal": "OP MARGIN TURNED POSITIVE (YoY)",
      "detail": "Op margin: -1.1% (year-ago) -> +0.5%",
      "severity": "HIGH"
    },
    {
      "quarter": "2025-06 (Q2)",
      "signal": "OP MARGIN TURNED POSITIVE (QoQ)",
      "detail": "Op margin: -4.5% -> +0.5%",
      "severity": "HIGH"
    },
    {
      "quarter": "2024-06 (Q2)",
      "signal": "FCF TURNED POSITIVE",
      "detail": "FCF margin: -5.6% -> +7.1%",
      "severity": "HIGH"
    },
    {
      "quarter": "2023-09 (Q3)",
      "signal": "YoY REVENUE GROWTH ACCELERATION",
      "detail": "YoY growth: +3.7% vs prior quarter YoY: -3.4% (accel: +7.1%)",
      "severity": "MEDIUM"
    },
    {
      "quarter": "2023-06 (Q2)",
      "signal": "FCF TURNED POSITIVE",
      "detail": "FCF margin: -6.5% -> +5.7%",
      "severity": "HIGH"
    },
    {
      "quarter": "2022-12 (Q4)",
      "signal": "FCF TURNED POSITIVE",
      "detail": "FCF margin: -16.7% -> +1.5%",
      "severity": "HIGH"
    },
    {
      "quarter": "2022-12 (Q4)",
      "signal": "OPERATING LEVERAGE",
      "detail": "Rev growth +9.2% vs OpEx growth +2.3% (leverage: 4.1x)",
      "severity": "MEDIUM"
    },
    {
      "quarter": "2022-09 (Q3)",
      "signal": "YoY REVENUE GROWTH ACCELERATION",
      "detail": "YoY growth: -9.0% vs prior quarter YoY: -14.9% (accel: +5.9%)",
      "severity": "MEDIUM"
    },
    {
      "quarter": "2021-12 (Q4)",
      "signal": "FCF TURNED POSITIVE",
      "detail": "FCF margin: -5.1% -> +2.0%",
      "severity": "HIGH"
    },
    {
      "quarter": "2021-06 (Q2)",
      "signal": "OPERATING LEVERAGE",
      "detail": "Rev growth +10.9% vs OpEx growth +0.6% (leverage: 17.3x)",
      "severity": "MEDIUM"
    }
  ],
  "data_quality": {
    "n_quarters": 20,
    "coverage": {
      "revenue": [
        20,
        20
      ],
      "gross_profit": [
        20,
        20
      ],
      "op_income": [
        20,
        20
      ],
      "fcf": [
        20,
        20
      ]
    },
    "gaps": [],
    "warnings": []
  },
  "market_cap": null,
  "source": "SEC EDGAR",
  "last_updated": "2026-02-02T20:27:20.565515"
}