{
  "ticker": "WAFDP",
  "name": "WAFD, INC.",
  "quarters": [
    {
      "date": "2020-12-31T00:00:00",
      "quarter_label": "2020-12 (Q4)",
      "revenue": 6026000,
      "gross_profit": null,
      "operating_income": null,
      "net_income": 38951000,
      "opex": null,
      "cogs": null,
      "rd": null,
      "sga": null,
      "fcf": 94179000,
      "ocf": 94179000,
      "capex": null,
      "gross_margin": null,
      "op_margin": null,
      "fcf_margin": 15.628775307002988
    },
    {
      "date": "2021-03-31T00:00:00",
      "quarter_label": "2021-03 (Q1)",
      "revenue": 5960000,
      "gross_profit": null,
      "operating_income": null,
      "net_income": 44871000,
      "opex": null,
      "cogs": null,
      "rd": null,
      "sga": null,
      "fcf": 110576000,
      "ocf": 110576000,
      "capex": null,
      "gross_margin": null,
      "op_margin": null,
      "fcf_margin": 18.553020134228188,
      "fcf_margin_change": 2.9242448272252
    },
    {
      "date": "2021-06-30T00:00:00",
      "quarter_label": "2021-06 (Q2)",
      "revenue": 6201000,
      "gross_profit": null,
      "operating_income": null,
      "net_income": 47422000,
      "opex": null,
      "cogs": null,
      "rd": null,
      "sga": null,
      "fcf": 44942000,
      "ocf": 44942000,
      "capex": null,
      "gross_margin": null,
      "op_margin": null,
      "fcf_margin": 7.247540719238833,
      "fcf_margin_change": -11.305479414989355
    },
    {
      "date": "2021-09-30T00:00:00",
      "quarter_label": "2021-09 (Q3)",
      "revenue": 6499000,
      "gross_profit": null,
      "operating_income": null,
      "net_income": 52371000,
      "opex": null,
      "cogs": null,
      "rd": null,
      "sga": null,
      "fcf": 64757000,
      "ocf": 64757000,
      "capex": null,
      "gross_margin": null,
      "op_margin": null,
      "fcf_margin": 9.964148330512387,
      "fcf_margin_change": 2.716607611273554
    },
    {
      "date": "2021-12-31T00:00:00",
      "quarter_label": "2021-12 (Q4)",
      "revenue": 6443000,
      "gross_profit": null,
      "operating_income": null,
      "net_income": 50281000,
      "opex": null,
      "cogs": null,
      "rd": null,
      "sga": null,
      "fcf": 26841000,
      "ocf": 26841000,
      "capex": null,
      "gross_margin": null,
      "op_margin": null,
      "fcf_margin": 4.165916498525531,
      "rev_growth_yoy": 0.06920013275804845,
      "fcf_margin_change": -5.798231831986856
    },
    {
      "date": "2022-03-31T00:00:00",
      "quarter_label": "2022-03 (Q1)",
      "revenue": 6282000,
      "gross_profit": null,
      "operating_income": null,
      "net_income": 49359000,
      "opex": null,
      "cogs": null,
      "rd": null,
      "sga": null,
      "fcf": 56409000,
      "ocf": 56409000,
      "capex": null,
      "gross_margin": null,
      "op_margin": null,
      "fcf_margin": 8.979465138490927,
      "rev_growth_yoy": 0.05402684563758389,
      "rev_growth_yoy_accel": -0.015173287120464563,
      "fcf_margin_change": 4.813548639965395
    },
    {
      "date": "2022-06-30T00:00:00",
      "quarter_label": "2022-06 (Q2)",
      "revenue": 6613000,
      "gross_profit": null,
      "operating_income": null,
      "net_income": 63295000,
      "opex": null,
      "cogs": null,
      "rd": null,
      "sga": null,
      "fcf": 88157000,
      "ocf": 88157000,
      "capex": null,
      "gross_margin": null,
      "op_margin": null,
      "fcf_margin": 13.33086345077877,
      "rev_growth_yoy": 0.06644089662957588,
      "rev_growth_yoy_accel": 0.012414050991991984,
      "fcf_margin_change": 4.351398312287843
    },
    {
      "date": "2022-09-30T00:00:00",
      "quarter_label": "2022-09 (Q3)",
      "revenue": 6604000,
      "gross_profit": null,
      "operating_income": null,
      "net_income": 73395000,
      "opex": null,
      "cogs": null,
      "rd": null,
      "sga": null,
      "fcf": 97058000,
      "ocf": 97058000,
      "capex": null,
      "gross_margin": null,
      "op_margin": null,
      "fcf_margin": 14.696850393700787,
      "rev_growth_yoy": 0.01615633174334513,
      "rev_growth_yoy_accel": -0.050284564886230745,
      "fcf_margin_change": 1.3659869429220173
    },
    {
      "date": "2022-12-31T00:00:00",
      "quarter_label": "2022-12 (Q4)",
      "revenue": 6353000,
      "gross_profit": null,
      "operating_income": null,
      "net_income": 79509000,
      "opex": null,
      "cogs": null,
      "rd": null,
      "sga": null,
      "fcf": 63883000,
      "ocf": 66100000,
      "capex": -2217000,
      "gross_margin": null,
      "op_margin": null,
      "fcf_margin": 10.055564300330552,
      "rev_growth_yoy": -0.01396864814527394,
      "rev_growth_yoy_accel": -0.03012497988861907,
      "fcf_margin_change": -4.641286093370235
    },
    {
      "date": "2023-03-31T00:00:00",
      "quarter_label": "2023-03 (Q1)",
      "revenue": 6188000,
      "gross_profit": null,
      "operating_income": null,
      "net_income": 65934000,
      "opex": null,
      "cogs": null,
      "rd": null,
      "sga": null,
      "fcf": 42033000,
      "ocf": 44825000,
      "capex": -2792000,
      "gross_margin": null,
      "op_margin": null,
      "fcf_margin": 6.792663219133807,
      "rev_growth_yoy": -0.014963387456224133,
      "rev_growth_yoy_accel": -0.0009947393109501924,
      "fcf_margin_change": -3.2629010811967447
    },
    {
      "date": "2023-06-30T00:00:00",
      "quarter_label": "2023-06 (Q2)",
      "revenue": 6660000,
      "gross_profit": null,
      "operating_income": null,
      "net_income": 61775000,
      "opex": null,
      "cogs": null,
      "rd": null,
      "sga": null,
      "fcf": 13945000,
      "ocf": 20153000,
      "capex": -6208000,
      "gross_margin": null,
      "op_margin": null,
      "fcf_margin": 2.093843843843844,
      "rev_growth_yoy": 0.007107213065174656,
      "rev_growth_yoy_accel": 0.022070600521398788,
      "fcf_margin_change": -4.698819375289963
    },
    {
      "date": "2023-09-30T00:00:00",
      "quarter_label": "2023-09 (Q3)",
      "revenue": 6849000,
      "gross_profit": null,
      "operating_income": null,
      "net_income": 50208000,
      "opex": null,
      "cogs": null,
      "rd": null,
      "sga": null,
      "fcf": 79033000,
      "ocf": 82879000,
      "capex": -3846000,
      "gross_margin": null,
      "op_margin": null,
      "fcf_margin": 11.539348810045261,
      "rev_growth_yoy": 0.03709872804360993,
      "rev_growth_yoy_accel": 0.029991514978435278,
      "fcf_margin_change": 9.445504966201417
    },
    {
      "date": "2023-12-31T00:00:00",
      "quarter_label": "2023-12 (Q4)",
      "revenue": 6802000,
      "gross_profit": null,
      "operating_income": null,
      "net_income": 58453000,
      "opex": null,
      "cogs": null,
      "rd": null,
      "sga": null,
      "fcf": 102065000,
      "ocf": 110260000,
      "capex": -8195000,
      "gross_margin": null,
      "op_margin": null,
      "fcf_margin": 15.005145545427816,
      "rev_growth_yoy": 0.07067527152526365,
      "rev_growth_yoy_accel": 0.03357654348165372,
      "fcf_margin_change": 3.465796735382554
    },
    {
      "date": "2024-03-31T00:00:00",
      "quarter_label": "2024-03 (Q1)",
      "revenue": 6698000,
      "gross_profit": null,
      "operating_income": null,
      "net_income": 15888000,
      "opex": null,
      "cogs": null,
      "rd": null,
      "sga": null,
      "fcf": 164774000,
      "ocf": 169202000,
      "capex": -4428000,
      "gross_margin": null,
      "op_margin": null,
      "fcf_margin": 24.600477754553598,
      "rev_growth_yoy": 0.08241758241758242,
      "rev_growth_yoy_accel": 0.011742310892318766,
      "fcf_margin_change": 9.595332209125782
    },
    {
      "date": "2024-06-30T00:00:00",
      "quarter_label": "2024-06 (Q2)",
      "revenue": 6960000,
      "gross_profit": null,
      "operating_income": null,
      "net_income": 64560000,
      "opex": null,
      "cogs": null,
      "rd": null,
      "sga": null,
      "fcf": 58291000,
      "ocf": 63150000,
      "capex": -4859000,
      "gross_margin": null,
      "op_margin": null,
      "fcf_margin": 8.375143678160919,
      "rev_growth_yoy": 0.04504504504504504,
      "rev_growth_yoy_accel": -0.03737253737253737,
      "fcf_margin_change": -16.225334076392677
    },
    {
      "date": "2024-09-30T00:00:00",
      "quarter_label": "2024-09 (Q3)",
      "revenue": 7047000,
      "gross_profit": null,
      "operating_income": null,
      "net_income": 61140000,
      "opex": null,
      "cogs": null,
      "rd": null,
      "sga": null,
      "fcf": 89422000,
      "ocf": 96621000,
      "capex": -7199000,
      "gross_margin": null,
      "op_margin": null,
      "fcf_margin": 12.689371363700866,
      "rev_growth_yoy": 0.02890932982917214,
      "rev_growth_yoy_accel": -0.0161357152158729,
      "fcf_margin_change": 4.314227685539947
    },
    {
      "date": "2024-12-31T00:00:00",
      "quarter_label": "2024-12 (Q4)",
      "revenue": 7046000,
      "gross_profit": null,
      "operating_income": null,
      "net_income": 47267000,
      "opex": null,
      "cogs": null,
      "rd": null,
      "sga": null,
      "fcf": 42984000,
      "ocf": 49430000,
      "capex": -6446000,
      "gross_margin": null,
      "op_margin": null,
      "fcf_margin": 6.100482543286971,
      "rev_growth_yoy": 0.03587180241105557,
      "rev_growth_yoy_accel": 0.006962472581883431,
      "fcf_margin_change": -6.588888820413895
    },
    {
      "date": "2025-03-31T00:00:00",
      "quarter_label": "2025-03 (Q1)",
      "revenue": 7057000,
      "gross_profit": null,
      "operating_income": null,
      "net_income": 56252000,
      "opex": null,
      "cogs": null,
      "rd": null,
      "sga": null,
      "fcf": 66581000,
      "ocf": 72135000,
      "capex": -5554000,
      "gross_margin": null,
      "op_margin": null,
      "fcf_margin": 9.434745642624344,
      "rev_growth_yoy": 0.053598088981785606,
      "rev_growth_yoy_accel": 0.017726286570730033,
      "fcf_margin_change": 3.334263099337373
    },
    {
      "date": "2025-06-30T00:00:00",
      "quarter_label": "2025-06 (Q2)",
      "revenue": 7588000,
      "gross_profit": null,
      "operating_income": null,
      "net_income": 61952000,
      "opex": null,
      "cogs": null,
      "rd": null,
      "sga": null,
      "fcf": 53076000,
      "ocf": 58007000,
      "capex": -4931000,
      "gross_margin": null,
      "op_margin": null,
      "fcf_margin": 6.9947285187137584,
      "rev_growth_yoy": 0.09022988505747126,
      "rev_growth_yoy_accel": 0.03663179607568565,
      "fcf_margin_change": -2.440017123910586
    },
    {
      "date": "2025-09-30T00:00:00",
      "quarter_label": "2025-09 (Q3)",
      "revenue": 7959000,
      "gross_profit": null,
      "operating_income": null,
      "net_income": 60597000,
      "opex": null,
      "cogs": null,
      "rd": null,
      "sga": null,
      "fcf": 45604000,
      "ocf": 57380000,
      "capex": -11776000,
      "gross_margin": null,
      "op_margin": null,
      "fcf_margin": 5.729865561000126,
      "rev_growth_yoy": 0.12941677309493402,
      "rev_growth_yoy_accel": 0.03918688803746276,
      "fcf_margin_change": -1.2648629577136328
    }
  ],
  "signals": [
    {
      "quarter": "2025-03 (Q1)",
      "signal": "FCF MARGIN EXPANSION",
      "detail": "FCF margin: +610.0% -> +943.5% (+333.4%)",
      "severity": "MEDIUM"
    },
    {
      "quarter": "2024-09 (Q3)",
      "signal": "FCF MARGIN EXPANSION",
      "detail": "FCF margin: +837.5% -> +1268.9% (+431.4%)",
      "severity": "MEDIUM"
    },
    {
      "quarter": "2024-03 (Q1)",
      "signal": "FCF MARGIN EXPANSION",
      "detail": "FCF margin: +1500.5% -> +2460.0% (+959.5%)",
      "severity": "MEDIUM"
    },
    {
      "quarter": "2023-12 (Q4)",
      "signal": "FCF MARGIN EXPANSION",
      "detail": "FCF margin: +1153.9% -> +1500.5% (+346.6%)",
      "severity": "MEDIUM"
    },
    {
      "quarter": "2023-09 (Q3)",
      "signal": "FCF MARGIN EXPANSION",
      "detail": "FCF margin: +209.4% -> +1153.9% (+944.6%)",
      "severity": "MEDIUM"
    },
    {
      "quarter": "2022-09 (Q3)",
      "signal": "FCF MARGIN EXPANSION",
      "detail": "FCF margin: +1333.1% -> +1469.7% (+136.6%)",
      "severity": "MEDIUM"
    },
    {
      "quarter": "2022-09 (Q3)",
      "signal": "YoY REVENUE GROWTH DECELERATION",
      "detail": "YoY growth: +1.6% vs prior quarter YoY: +6.6% (decel: -5.0%)",
      "severity": "WARNING"
    },
    {
      "quarter": "2022-06 (Q2)",
      "signal": "FCF MARGIN EXPANSION",
      "detail": "FCF margin: +897.9% -> +1333.1% (+435.1%)",
      "severity": "MEDIUM"
    },
    {
      "quarter": "2022-03 (Q1)",
      "signal": "FCF MARGIN EXPANSION",
      "detail": "FCF margin: +416.6% -> +897.9% (+481.4%)",
      "severity": "MEDIUM"
    },
    {
      "quarter": "2021-09 (Q3)",
      "signal": "FCF MARGIN EXPANSION",
      "detail": "FCF margin: +724.8% -> +996.4% (+271.7%)",
      "severity": "MEDIUM"
    },
    {
      "quarter": "2021-03 (Q1)",
      "signal": "FCF MARGIN EXPANSION",
      "detail": "FCF margin: +1562.9% -> +1855.3% (+292.4%)",
      "severity": "MEDIUM"
    }
  ],
  "data_quality": {
    "n_quarters": 20,
    "coverage": {
      "revenue": [
        20,
        20
      ],
      "gross_profit": [
        0,
        20
      ],
      "op_income": [
        0,
        20
      ],
      "fcf": [
        20,
        20
      ]
    },
    "gaps": [],
    "warnings": [
      "gross_profit: no data",
      "op_income: no data"
    ]
  },
  "market_cap": null,
  "source": "SEC EDGAR",
  "last_updated": "2026-02-03T01:08:03.599605"
}