{
  "ticker": "WAL-PA",
  "name": "WESTERN ALLIANCE BANCORPORATION",
  "quarters": [
    {
      "date": "2023-06-30T00:00:00",
      "quarter_label": "2023-06 (Q2)",
      "revenue": 24300000,
      "gross_profit": null,
      "operating_income": null,
      "net_income": 215700000,
      "opex": null,
      "cogs": null,
      "rd": null,
      "sga": null,
      "fcf": -457400000,
      "ocf": -457400000,
      "capex": null,
      "gross_margin": null,
      "op_margin": null,
      "fcf_margin": -18.82304526748971
    },
    {
      "date": "2023-09-30T00:00:00",
      "quarter_label": "2023-09 (Q3)",
      "revenue": 29600000,
      "gross_profit": null,
      "operating_income": null,
      "net_income": 216600000,
      "opex": null,
      "cogs": null,
      "rd": null,
      "sga": null,
      "fcf": -569700000,
      "ocf": -569700000,
      "capex": null,
      "gross_margin": null,
      "op_margin": null,
      "fcf_margin": -19.24662162162162,
      "fcf_margin_change": -0.4235763541319102
    },
    {
      "date": "2023-12-31T00:00:00",
      "quarter_label": "2023-12 (Q4)",
      "revenue": 30700000,
      "gross_profit": null,
      "operating_income": null,
      "net_income": 147900000,
      "opex": null,
      "cogs": null,
      "rd": null,
      "sga": null,
      "fcf": 341200000,
      "ocf": 341200000,
      "capex": null,
      "gross_margin": null,
      "op_margin": null,
      "fcf_margin": 11.11400651465798,
      "fcf_margin_change": 30.3606281362796
    },
    {
      "date": "2024-03-31T00:00:00",
      "quarter_label": "2024-03 (Q1)",
      "revenue": 13500000,
      "gross_profit": null,
      "operating_income": null,
      "net_income": 177400000,
      "opex": null,
      "cogs": null,
      "rd": null,
      "sga": null,
      "fcf": -306500000,
      "ocf": -306500000,
      "capex": null,
      "gross_margin": null,
      "op_margin": null,
      "fcf_margin": -22.703703703703702,
      "fcf_margin_change": -33.81771021836168
    },
    {
      "date": "2024-06-30T00:00:00",
      "quarter_label": "2024-06 (Q2)",
      "revenue": 16900000,
      "gross_profit": null,
      "operating_income": null,
      "net_income": 193600000,
      "opex": null,
      "cogs": null,
      "rd": null,
      "sga": null,
      "fcf": -745800000,
      "ocf": -745800000,
      "capex": null,
      "gross_margin": null,
      "op_margin": null,
      "fcf_margin": -44.1301775147929,
      "rev_growth_yoy": -0.3045267489711934,
      "fcf_margin_change": -21.426473811089195
    },
    {
      "date": "2024-09-30T00:00:00",
      "quarter_label": "2024-09 (Q3)",
      "revenue": 15200000,
      "gross_profit": null,
      "operating_income": null,
      "net_income": 199800000,
      "opex": null,
      "cogs": null,
      "rd": null,
      "sga": null,
      "fcf": -1068000000,
      "ocf": -1068000000,
      "capex": null,
      "gross_margin": null,
      "op_margin": null,
      "fcf_margin": -70.26315789473684,
      "rev_growth_yoy": -0.4864864864864865,
      "rev_growth_yoy_accel": -0.1819597375152931,
      "fcf_margin_change": -26.132980379943938
    },
    {
      "date": "2024-12-31T00:00:00",
      "quarter_label": "2024-12 (Q4)",
      "revenue": 22100000,
      "gross_profit": null,
      "operating_income": null,
      "net_income": 216900000,
      "opex": null,
      "cogs": null,
      "rd": null,
      "sga": null,
      "fcf": -621700000,
      "ocf": -621700000,
      "capex": null,
      "gross_margin": null,
      "op_margin": null,
      "fcf_margin": -28.131221719457013,
      "rev_growth_yoy": -0.28013029315960913,
      "rev_growth_yoy_accel": 0.20635619332687738,
      "fcf_margin_change": 42.13193617527982
    },
    {
      "date": "2025-03-31T00:00:00",
      "quarter_label": "2025-03 (Q1)",
      "revenue": 23000000,
      "gross_profit": null,
      "operating_income": null,
      "net_income": 199100000,
      "opex": null,
      "cogs": null,
      "rd": null,
      "sga": null,
      "fcf": -1654000000,
      "ocf": -1654000000,
      "capex": null,
      "gross_margin": null,
      "op_margin": null,
      "fcf_margin": -71.91304347826087,
      "rev_growth_yoy": 0.7037037037037037,
      "rev_growth_yoy_accel": 0.9838339968633129,
      "fcf_margin_change": -43.78182175880386
    },
    {
      "date": "2025-06-30T00:00:00",
      "quarter_label": "2025-06 (Q2)",
      "revenue": 23500000,
      "gross_profit": null,
      "operating_income": null,
      "net_income": 230400000,
      "opex": null,
      "cogs": null,
      "rd": null,
      "sga": null,
      "fcf": -357700000,
      "ocf": -357700000,
      "capex": null,
      "gross_margin": null,
      "op_margin": null,
      "fcf_margin": -15.221276595744682,
      "rev_growth_yoy": 0.3905325443786982,
      "rev_growth_yoy_accel": -0.3131711593250055,
      "fcf_margin_change": 56.69176688251619
    },
    {
      "date": "2025-09-30T00:00:00",
      "quarter_label": "2025-09 (Q3)",
      "revenue": 24500000,
      "gross_profit": null,
      "operating_income": null,
      "net_income": 253400000,
      "opex": null,
      "cogs": null,
      "rd": null,
      "sga": null,
      "fcf": -597400000,
      "ocf": -597400000,
      "capex": null,
      "gross_margin": null,
      "op_margin": null,
      "fcf_margin": -24.383673469387755,
      "rev_growth_yoy": 0.6118421052631579,
      "rev_growth_yoy_accel": 0.22130956088445963,
      "fcf_margin_change": -9.162396873643074
    }
  ],
  "signals": [
    {
      "quarter": "2025-09 (Q3)",
      "signal": "YoY REVENUE GROWTH ACCELERATION",
      "detail": "YoY growth: +61.2% vs prior quarter YoY: +39.1% (accel: +22.1%)",
      "severity": "HIGH"
    },
    {
      "quarter": "2025-06 (Q2)",
      "signal": "FCF MARGIN EXPANSION",
      "detail": "FCF margin: -7191.3% -> -1522.1% (+5669.2%)",
      "severity": "MEDIUM"
    },
    {
      "quarter": "2025-06 (Q2)",
      "signal": "YoY REVENUE GROWTH DECELERATION",
      "detail": "YoY growth: +39.1% vs prior quarter YoY: +70.4% (decel: -31.3%)",
      "severity": "WARNING"
    },
    {
      "quarter": "2025-03 (Q1)",
      "signal": "YoY REVENUE GROWTH ACCELERATION",
      "detail": "YoY growth: +70.4% vs prior quarter YoY: -28.0% (accel: +98.4%)",
      "severity": "HIGH"
    },
    {
      "quarter": "2024-12 (Q4)",
      "signal": "FCF MARGIN EXPANSION",
      "detail": "FCF margin: -7026.3% -> -2813.1% (+4213.2%)",
      "severity": "MEDIUM"
    },
    {
      "quarter": "2024-12 (Q4)",
      "signal": "YoY REVENUE GROWTH ACCELERATION",
      "detail": "YoY growth: -28.0% vs prior quarter YoY: -48.6% (accel: +20.6%)",
      "severity": "HIGH"
    },
    {
      "quarter": "2024-09 (Q3)",
      "signal": "YoY REVENUE GROWTH DECELERATION",
      "detail": "YoY growth: -48.6% vs prior quarter YoY: -30.5% (decel: -18.2%)",
      "severity": "WARNING"
    },
    {
      "quarter": "2023-12 (Q4)",
      "signal": "FCF TURNED POSITIVE",
      "detail": "FCF margin: -1924.7% -> +1111.4%",
      "severity": "HIGH"
    }
  ],
  "data_quality": {
    "n_quarters": 10,
    "coverage": {
      "revenue": [
        10,
        10
      ],
      "gross_profit": [
        0,
        10
      ],
      "op_income": [
        0,
        10
      ],
      "fcf": [
        10,
        10
      ]
    },
    "gaps": [],
    "warnings": [
      "gross_profit: no data",
      "op_income: no data"
    ]
  },
  "market_cap": null,
  "source": "SEC EDGAR",
  "last_updated": "2026-02-03T01:17:13.268762"
}