{
  "ticker": "WASH",
  "name": "WASHINGTON TRUST BANCORP, INC.",
  "quarters": [
    {
      "date": "2020-12-31T00:00:00",
      "quarter_label": "2020-12 (Q4)",
      "revenue": 59970000,
      "gross_profit": null,
      "operating_income": null,
      "net_income": 18566000,
      "opex": null,
      "cogs": null,
      "rd": null,
      "sga": null,
      "fcf": 16225000,
      "ocf": 18300000,
      "capex": -2075000,
      "gross_margin": null,
      "op_margin": null,
      "fcf_margin": 0.27055194263798565
    },
    {
      "date": "2021-03-31T00:00:00",
      "quarter_label": "2021-03 (Q1)",
      "revenue": 58845000,
      "gross_profit": null,
      "operating_income": null,
      "net_income": 20471000,
      "opex": null,
      "cogs": null,
      "rd": null,
      "sga": null,
      "fcf": -4277000,
      "ocf": -3366000,
      "capex": -911000,
      "gross_margin": null,
      "op_margin": null,
      "fcf_margin": -0.07268247089812219,
      "fcf_margin_change": -0.34323441353610784
    },
    {
      "date": "2021-06-30T00:00:00",
      "quarter_label": "2021-06 (Q2)",
      "revenue": 55347000,
      "gross_profit": null,
      "operating_income": null,
      "net_income": 17460000,
      "opex": null,
      "cogs": null,
      "rd": null,
      "sga": null,
      "fcf": 61875000,
      "ocf": 62792000,
      "capex": -917000,
      "gross_margin": null,
      "op_margin": null,
      "fcf_margin": 1.117946772182774,
      "fcf_margin_change": 1.1906292430808962
    },
    {
      "date": "2021-09-30T00:00:00",
      "quarter_label": "2021-09 (Q3)",
      "revenue": 56590000,
      "gross_profit": null,
      "operating_income": null,
      "net_income": 18751000,
      "opex": null,
      "cogs": null,
      "rd": null,
      "sga": null,
      "fcf": 47156000,
      "ocf": 47494000,
      "capex": -338000,
      "gross_margin": null,
      "op_margin": null,
      "fcf_margin": 0.833292101077929,
      "fcf_margin_change": -0.2846546711048451
    },
    {
      "date": "2021-12-31T00:00:00",
      "quarter_label": "2021-12 (Q4)",
      "revenue": 58047000,
      "gross_profit": null,
      "operating_income": null,
      "net_income": 20188000,
      "opex": null,
      "cogs": null,
      "rd": null,
      "sga": null,
      "fcf": -7432000,
      "ocf": -6108000,
      "capex": -1324000,
      "gross_margin": null,
      "op_margin": null,
      "fcf_margin": -0.1280341791996141,
      "rev_growth_yoy": -0.032066033016508254,
      "fcf_margin_change": -0.9613262802775431
    },
    {
      "date": "2022-03-31T00:00:00",
      "quarter_label": "2022-03 (Q1)",
      "revenue": 52250000,
      "gross_profit": null,
      "operating_income": null,
      "net_income": 16483000,
      "opex": null,
      "cogs": null,
      "rd": null,
      "sga": null,
      "fcf": 37728000,
      "ocf": 38562000,
      "capex": -834000,
      "gross_margin": null,
      "op_margin": null,
      "fcf_margin": 0.722066985645933,
      "rev_growth_yoy": -0.11207409295607103,
      "rev_growth_yoy_accel": -0.08000805993956278,
      "fcf_margin_change": 0.8501011648455471
    },
    {
      "date": "2022-06-30T00:00:00",
      "quarter_label": "2022-06 (Q2)",
      "revenue": 53367000,
      "gross_profit": null,
      "operating_income": null,
      "net_income": 19957000,
      "opex": null,
      "cogs": null,
      "rd": null,
      "sga": null,
      "fcf": 11391000,
      "ocf": 13038000,
      "capex": -1647000,
      "gross_margin": null,
      "op_margin": null,
      "fcf_margin": 0.21344651188936983,
      "rev_growth_yoy": -0.035774296709848774,
      "rev_growth_yoy_accel": 0.07629979624622225,
      "fcf_margin_change": -0.5086204737565632
    },
    {
      "date": "2022-09-30T00:00:00",
      "quarter_label": "2022-09 (Q3)",
      "revenue": 57845000,
      "gross_profit": null,
      "operating_income": null,
      "net_income": 18668000,
      "opex": null,
      "cogs": null,
      "rd": null,
      "sga": null,
      "fcf": 18902000,
      "ocf": 20245000,
      "capex": -1343000,
      "gross_margin": null,
      "op_margin": null,
      "fcf_margin": 0.326769815887285,
      "rev_growth_yoy": 0.02217706308535077,
      "rev_growth_yoy_accel": 0.05795135979519954,
      "fcf_margin_change": 0.11332330399791515
    },
    {
      "date": "2022-12-31T00:00:00",
      "quarter_label": "2022-12 (Q4)",
      "revenue": 55130000,
      "gross_profit": null,
      "operating_income": null,
      "net_income": 16573000,
      "opex": null,
      "cogs": null,
      "rd": null,
      "sga": null,
      "fcf": 38846000,
      "ocf": 41161000,
      "capex": -2315000,
      "gross_margin": null,
      "op_margin": null,
      "fcf_margin": 0.7046254307999275,
      "rev_growth_yoy": -0.050252381690698913,
      "rev_growth_yoy_accel": -0.07242944477604968,
      "fcf_margin_change": 0.37785561491264247
    },
    {
      "date": "2023-03-31T00:00:00",
      "quarter_label": "2023-03 (Q1)",
      "revenue": 50476000,
      "gross_profit": null,
      "operating_income": null,
      "net_income": 12812000,
      "opex": null,
      "cogs": null,
      "rd": null,
      "sga": null,
      "fcf": 9950000,
      "ocf": 11094000,
      "capex": -1144000,
      "gross_margin": null,
      "op_margin": null,
      "fcf_margin": 0.19712338537126556,
      "rev_growth_yoy": -0.033952153110047845,
      "rev_growth_yoy_accel": 0.01630022858065107,
      "fcf_margin_change": -0.5075020454286618
    },
    {
      "date": "2023-06-30T00:00:00",
      "quarter_label": "2023-06 (Q2)",
      "revenue": 47825000,
      "gross_profit": null,
      "operating_income": null,
      "net_income": 11256000,
      "opex": null,
      "cogs": null,
      "rd": null,
      "sga": null,
      "fcf": -22872000,
      "ocf": -20996000,
      "capex": -1876000,
      "gross_margin": null,
      "op_margin": null,
      "fcf_margin": -0.47824359644537373,
      "rev_growth_yoy": -0.10384694661494931,
      "rev_growth_yoy_accel": -0.06989479350490146,
      "fcf_margin_change": -0.6753669818166392
    },
    {
      "date": "2023-09-30T00:00:00",
      "quarter_label": "2023-09 (Q3)",
      "revenue": 48977000,
      "gross_profit": null,
      "operating_income": null,
      "net_income": 11161000,
      "opex": null,
      "cogs": null,
      "rd": null,
      "sga": null,
      "fcf": 29351000,
      "ocf": 29855000,
      "capex": -504000,
      "gross_margin": null,
      "op_margin": null,
      "fcf_margin": 0.5992812953018763,
      "rev_growth_yoy": -0.15330624945976315,
      "rev_growth_yoy_accel": -0.04945930284481384,
      "fcf_margin_change": 1.0775248917472502
    },
    {
      "date": "2023-12-31T00:00:00",
      "quarter_label": "2023-12 (Q4)",
      "revenue": 45960000,
      "gross_profit": null,
      "operating_income": null,
      "net_income": 12947000,
      "opex": null,
      "cogs": null,
      "rd": null,
      "sga": null,
      "fcf": 10126000,
      "ocf": 11650000,
      "capex": -1524000,
      "gross_margin": null,
      "op_margin": null,
      "fcf_margin": 0.2203220191470844,
      "rev_growth_yoy": -0.16633411935425357,
      "rev_growth_yoy_accel": -0.013027869894490424,
      "fcf_margin_change": -0.37895927615479197
    },
    {
      "date": "2024-03-31T00:00:00",
      "quarter_label": "2024-03 (Q1)",
      "revenue": 48828000,
      "gross_profit": null,
      "operating_income": null,
      "net_income": 10936000,
      "opex": null,
      "cogs": null,
      "rd": null,
      "sga": null,
      "fcf": 1322000,
      "ocf": 1948000,
      "capex": -626000,
      "gross_margin": null,
      "op_margin": null,
      "fcf_margin": 0.027074629311051035,
      "rev_growth_yoy": -0.03264917980822569,
      "rev_growth_yoy_accel": 0.1336849395460279,
      "fcf_margin_change": -0.19324738983603337
    },
    {
      "date": "2024-06-30T00:00:00",
      "quarter_label": "2024-06 (Q2)",
      "revenue": 48245000,
      "gross_profit": null,
      "operating_income": null,
      "net_income": 10815000,
      "opex": null,
      "cogs": null,
      "rd": null,
      "sga": null,
      "fcf": 9561000,
      "ocf": 11181000,
      "capex": -1620000,
      "gross_margin": null,
      "op_margin": null,
      "fcf_margin": 0.19817597678515908,
      "rev_growth_yoy": 0.008782017773131208,
      "rev_growth_yoy_accel": 0.041431197581356896,
      "fcf_margin_change": 0.17110134747410805
    },
    {
      "date": "2024-09-30T00:00:00",
      "quarter_label": "2024-09 (Q3)",
      "revenue": 48534000,
      "gross_profit": null,
      "operating_income": null,
      "net_income": 10981000,
      "opex": null,
      "cogs": null,
      "rd": null,
      "sga": null,
      "fcf": 24446000,
      "ocf": 25719000,
      "capex": -1273000,
      "gross_margin": null,
      "op_margin": null,
      "fcf_margin": 0.5036881361519759,
      "rev_growth_yoy": -0.009045061967862466,
      "rev_growth_yoy_accel": -0.017827079740993672,
      "fcf_margin_change": 0.30551215936681686
    },
    {
      "date": "2024-12-31T00:00:00",
      "quarter_label": "2024-12 (Q4)",
      "revenue": -44956000,
      "gross_profit": null,
      "operating_income": null,
      "net_income": -60791000,
      "opex": null,
      "cogs": null,
      "rd": null,
      "sga": null,
      "fcf": 18338000,
      "ocf": 18820000,
      "capex": -482000,
      "gross_margin": null,
      "op_margin": null,
      "fcf_margin": -0.4079099564018151,
      "rev_growth_yoy": -1.9781549173194082,
      "rev_growth_yoy_accel": -1.9691098553515458,
      "fcf_margin_change": -0.911598092553791
    },
    {
      "date": "2025-03-31T00:00:00",
      "quarter_label": "2025-03 (Q1)",
      "revenue": 59065000,
      "gross_profit": null,
      "operating_income": null,
      "net_income": 12179000,
      "opex": null,
      "cogs": null,
      "rd": null,
      "sga": null,
      "fcf": 8362000,
      "ocf": 8450000,
      "capex": -88000,
      "gross_margin": null,
      "op_margin": null,
      "fcf_margin": 0.14157284347752477,
      "rev_growth_yoy": 0.20965429671499958,
      "rev_growth_yoy_accel": 2.1878092140344076,
      "fcf_margin_change": 0.5494827998793399
    },
    {
      "date": "2025-06-30T00:00:00",
      "quarter_label": "2025-06 (Q2)",
      "revenue": 54263000,
      "gross_profit": null,
      "operating_income": null,
      "net_income": 13245000,
      "opex": null,
      "cogs": null,
      "rd": null,
      "sga": null,
      "fcf": 10941000,
      "ocf": 11342000,
      "capex": -401000,
      "gross_margin": null,
      "op_margin": null,
      "fcf_margin": 0.20162910270349962,
      "rev_growth_yoy": 0.12473831485127992,
      "rev_growth_yoy_accel": -0.08491598186371965,
      "fcf_margin_change": 0.06005625922597485
    },
    {
      "date": "2025-09-30T00:00:00",
      "quarter_label": "2025-09 (Q3)",
      "revenue": 56469000,
      "gross_profit": null,
      "operating_income": null,
      "net_income": 10846000,
      "opex": null,
      "cogs": null,
      "rd": null,
      "sga": null,
      "fcf": 39276000,
      "ocf": 39620000,
      "capex": -344000,
      "gross_margin": null,
      "op_margin": null,
      "fcf_margin": 0.6955320618392392,
      "rev_growth_yoy": 0.16349363332921252,
      "rev_growth_yoy_accel": 0.03875531847793259,
      "fcf_margin_change": 0.49390295913573956
    }
  ],
  "signals": [
    {
      "quarter": "2025-09 (Q3)",
      "signal": "FCF MARGIN EXPANSION",
      "detail": "FCF margin: +20.2% -> +69.6% (+49.4%)",
      "severity": "MEDIUM"
    },
    {
      "quarter": "2025-06 (Q2)",
      "signal": "FCF MARGIN EXPANSION",
      "detail": "FCF margin: +14.2% -> +20.2% (+6.0%)",
      "severity": "MEDIUM"
    },
    {
      "quarter": "2025-06 (Q2)",
      "signal": "YoY REVENUE GROWTH DECELERATION",
      "detail": "YoY growth: +12.5% vs prior quarter YoY: +21.0% (decel: -8.5%)",
      "severity": "WARNING"
    },
    {
      "quarter": "2025-03 (Q1)",
      "signal": "FCF TURNED POSITIVE",
      "detail": "FCF margin: -40.8% -> +14.2%",
      "severity": "HIGH"
    },
    {
      "quarter": "2025-03 (Q1)",
      "signal": "YoY REVENUE GROWTH ACCELERATION",
      "detail": "YoY growth: +21.0% vs prior quarter YoY: -197.8% (accel: +218.8%)",
      "severity": "HIGH"
    },
    {
      "quarter": "2024-12 (Q4)",
      "signal": "YoY REVENUE GROWTH DECELERATION",
      "detail": "YoY growth: -197.8% vs prior quarter YoY: -0.9% (decel: -196.9%)",
      "severity": "WARNING"
    },
    {
      "quarter": "2024-09 (Q3)",
      "signal": "FCF MARGIN EXPANSION",
      "detail": "FCF margin: +19.8% -> +50.4% (+30.6%)",
      "severity": "MEDIUM"
    },
    {
      "quarter": "2024-06 (Q2)",
      "signal": "FCF MARGIN EXPANSION",
      "detail": "FCF margin: +2.7% -> +19.8% (+17.1%)",
      "severity": "MEDIUM"
    },
    {
      "quarter": "2024-03 (Q1)",
      "signal": "YoY REVENUE GROWTH ACCELERATION",
      "detail": "YoY growth: -3.3% vs prior quarter YoY: -16.6% (accel: +13.4%)",
      "severity": "MEDIUM"
    },
    {
      "quarter": "2023-09 (Q3)",
      "signal": "FCF TURNED POSITIVE",
      "detail": "FCF margin: -47.8% -> +59.9%",
      "severity": "HIGH"
    },
    {
      "quarter": "2023-06 (Q2)",
      "signal": "YoY REVENUE GROWTH DECELERATION",
      "detail": "YoY growth: -10.4% vs prior quarter YoY: -3.4% (decel: -7.0%)",
      "severity": "WARNING"
    },
    {
      "quarter": "2022-12 (Q4)",
      "signal": "FCF MARGIN EXPANSION",
      "detail": "FCF margin: +32.7% -> +70.5% (+37.8%)",
      "severity": "MEDIUM"
    },
    {
      "quarter": "2022-12 (Q4)",
      "signal": "YoY REVENUE GROWTH DECELERATION",
      "detail": "YoY growth: -5.0% vs prior quarter YoY: +2.2% (decel: -7.2%)",
      "severity": "WARNING"
    },
    {
      "quarter": "2022-09 (Q3)",
      "signal": "FCF MARGIN EXPANSION",
      "detail": "FCF margin: +21.3% -> +32.7% (+11.3%)",
      "severity": "MEDIUM"
    },
    {
      "quarter": "2022-09 (Q3)",
      "signal": "YoY REVENUE GROWTH ACCELERATION",
      "detail": "YoY growth: +2.2% vs prior quarter YoY: -3.6% (accel: +5.8%)",
      "severity": "MEDIUM"
    },
    {
      "quarter": "2022-06 (Q2)",
      "signal": "YoY REVENUE GROWTH ACCELERATION",
      "detail": "YoY growth: -3.6% vs prior quarter YoY: -11.2% (accel: +7.6%)",
      "severity": "MEDIUM"
    },
    {
      "quarter": "2022-03 (Q1)",
      "signal": "FCF TURNED POSITIVE",
      "detail": "FCF margin: -12.8% -> +72.2%",
      "severity": "HIGH"
    },
    {
      "quarter": "2022-03 (Q1)",
      "signal": "YoY REVENUE GROWTH DECELERATION",
      "detail": "YoY growth: -11.2% vs prior quarter YoY: -3.2% (decel: -8.0%)",
      "severity": "WARNING"
    },
    {
      "quarter": "2021-06 (Q2)",
      "signal": "FCF TURNED POSITIVE",
      "detail": "FCF margin: -7.3% -> +111.8%",
      "severity": "HIGH"
    }
  ],
  "data_quality": {
    "n_quarters": 20,
    "coverage": {
      "revenue": [
        20,
        20
      ],
      "gross_profit": [
        0,
        20
      ],
      "op_income": [
        0,
        20
      ],
      "fcf": [
        20,
        20
      ]
    },
    "gaps": [],
    "warnings": [
      "gross_profit: no data",
      "op_income: no data"
    ]
  },
  "market_cap": null,
  "source": "SEC EDGAR",
  "last_updated": "2026-02-02T22:20:00.087041"
}