{
  "ticker": "WAT",
  "name": "WATERS CORP /DE/",
  "quarters": [
    {
      "date": "2022-07-02T00:00:00",
      "quarter_label": "2022-07 (Q3)",
      "revenue": 714319000,
      "gross_profit": null,
      "operating_income": 199632000,
      "net_income": null,
      "opex": 514687000,
      "cogs": null,
      "rd": 44006000,
      "sga": 161877000,
      "fcf": 56903000,
      "ocf": 56903000,
      "capex": null,
      "gross_margin": null,
      "op_margin": 0.2794717766152097,
      "fcf_margin": 0.07966048782126753
    },
    {
      "date": "2022-09-30T00:00:00",
      "quarter_label": "2022-09 (Q3)",
      "revenue": 708555000,
      "gross_profit": 401454000,
      "operating_income": 192010000,
      "net_income": null,
      "opex": 516545000,
      "cogs": 307101000,
      "rd": 43435000,
      "sga": 164417000,
      "fcf": null,
      "ocf": null,
      "capex": null,
      "gross_margin": 0.566581281622457,
      "op_margin": 0.2709881378298086,
      "fcf_margin": null
    },
    {
      "date": "2022-10-01T00:00:00",
      "quarter_label": "2022-10 (Q4)",
      "revenue": 708555000,
      "gross_profit": null,
      "operating_income": 192010000,
      "net_income": null,
      "opex": 516545000,
      "cogs": null,
      "rd": 43435000,
      "sga": 164417000,
      "fcf": 158089000,
      "ocf": 158089000,
      "capex": null,
      "gross_margin": null,
      "op_margin": 0.2709881378298086,
      "fcf_margin": 0.2231146488275434
    },
    {
      "date": "2022-12-31T00:00:00",
      "quarter_label": "2022-12 (Q4)",
      "revenue": 858510000,
      "gross_profit": 510320000,
      "operating_income": 286283000,
      "net_income": null,
      "opex": 572227000,
      "cogs": 348190000,
      "rd": 48277000,
      "sga": 174257000,
      "fcf": 198709000,
      "ocf": 198709000,
      "capex": null,
      "gross_margin": 0.5944252250993,
      "op_margin": 0.3334649567273532,
      "fcf_margin": 0.23145799117074933,
      "op_leverage_ratio": 1.96327311863315,
      "fcf_margin_change": 0.00834334234320594
    },
    {
      "date": "2023-03-31T00:00:00",
      "quarter_label": "2023-03 (Q1)",
      "revenue": 684674000,
      "gross_profit": 400294000,
      "operating_income": 174168000,
      "net_income": null,
      "opex": 510506000,
      "cogs": 284380000,
      "rd": 42691000,
      "sga": 181956000,
      "fcf": null,
      "ocf": null,
      "capex": null,
      "gross_margin": 0.5846490446548285,
      "op_margin": 0.25438091704957394,
      "fcf_margin": null
    },
    {
      "date": "2023-04-01T00:00:00",
      "quarter_label": "2023-04 (Q2)",
      "revenue": 684674000,
      "gross_profit": null,
      "operating_income": 174168000,
      "net_income": null,
      "opex": 510506000,
      "cogs": null,
      "rd": 42691000,
      "sga": 181956000,
      "fcf": 196751000,
      "ocf": 196751000,
      "capex": null,
      "gross_margin": null,
      "op_margin": 0.25438091704957394,
      "fcf_margin": 0.28736449755650134
    },
    {
      "date": "2023-06-30T00:00:00",
      "quarter_label": "2023-06 (Q2)",
      "revenue": 740576000,
      "gross_profit": 439500000,
      "operating_income": 199859000,
      "net_income": null,
      "opex": 540717000,
      "cogs": 301076000,
      "rd": 45873000,
      "sga": 186953000,
      "fcf": null,
      "ocf": null,
      "capex": null,
      "gross_margin": 0.5934569848334269,
      "op_margin": 0.2698696690143888,
      "fcf_margin": null,
      "incr_op_margin_yoy": 0.008645313630650873,
      "rev_growth_yoy": 0.03675808707314239,
      "op_leverage_ratio": 1.379682829932631
    },
    {
      "date": "2023-07-01T00:00:00",
      "quarter_label": "2023-07 (Q3)",
      "revenue": 740576000,
      "gross_profit": null,
      "operating_income": 199859000,
      "net_income": null,
      "opex": 540717000,
      "cogs": null,
      "rd": 45873000,
      "sga": 186953000,
      "fcf": 18118000,
      "ocf": 18118000,
      "capex": null,
      "gross_margin": null,
      "op_margin": 0.2698696690143888,
      "fcf_margin": 0.024464740958389145,
      "incr_op_margin_yoy": 0.008645313630650873,
      "rev_growth_yoy": 0.03675808707314239,
      "rev_growth_yoy_accel": 0.0
    },
    {
      "date": "2023-09-30T00:00:00",
      "quarter_label": "2023-09 (Q3)",
      "revenue": 711692000,
      "gross_profit": 420285000,
      "operating_income": 179426000,
      "net_income": null,
      "opex": 532266000,
      "cogs": 291407000,
      "rd": 41995000,
      "sga": 186748000,
      "fcf": 157818000,
      "ocf": 157818000,
      "capex": null,
      "gross_margin": 0.590543381125543,
      "op_margin": 0.2521118686173232,
      "fcf_margin": 0.22175042012555993,
      "incr_op_margin_yoy": -4.0114759324195095,
      "rev_growth_yoy": 0.004427320391501012,
      "rev_growth_yoy_accel": -0.03233076668164138,
      "fcf_margin_change": 0.19728567916717077
    },
    {
      "date": "2023-12-31T00:00:00",
      "quarter_label": "2023-12 (Q4)",
      "revenue": 819474000,
      "gross_profit": 501114000,
      "operating_income": 264223000,
      "net_income": null,
      "opex": 555251000,
      "cogs": 318360000,
      "rd": 44386000,
      "sga": 180357000,
      "fcf": 230122000,
      "ocf": 230122000,
      "capex": null,
      "gross_margin": 0.6115068934462838,
      "op_margin": 0.32242999777906317,
      "fcf_margin": 0.28081671901732086,
      "incr_op_margin_yoy": 0.5651193769853469,
      "rev_growth_yoy": -0.04546947618548415,
      "rev_growth_yoy_accel": -0.04989679657698516,
      "op_leverage_ratio": 3.5070210387943295,
      "fcf_margin_change": 0.05906629889176093
    },
    {
      "date": "2024-03-30T00:00:00",
      "quarter_label": "2024-03 (Q1)",
      "revenue": 636839000,
      "gross_profit": null,
      "operating_income": 133846000,
      "net_income": 102196000,
      "opex": 502993000,
      "cogs": null,
      "rd": 44595000,
      "sga": 174536000,
      "fcf": 262870000,
      "ocf": 262870000,
      "capex": null,
      "gross_margin": null,
      "op_margin": 0.21017242976639308,
      "fcf_margin": 0.41277308707538324,
      "incr_op_margin_yoy": 0.8429392704086965,
      "rev_growth_yoy": -0.06986536658322062,
      "rev_growth_yoy_accel": -0.024395890397736472,
      "fcf_margin_change": 0.13195636805806238
    },
    {
      "date": "2024-03-31T00:00:00",
      "quarter_label": "2024-03 (Q1)",
      "revenue": 636839000,
      "gross_profit": 375053000,
      "operating_income": 133846000,
      "net_income": null,
      "opex": 502993000,
      "cogs": 261786000,
      "rd": 44595000,
      "sga": 174536000,
      "fcf": null,
      "ocf": null,
      "capex": null,
      "gross_margin": 0.5889290699847214,
      "op_margin": 0.21017242976639308,
      "fcf_margin": null,
      "incr_op_margin_yoy": 0.8429392704086965,
      "rev_growth_yoy": -0.06986536658322062,
      "rev_growth_yoy_accel": 0.0
    },
    {
      "date": "2024-06-29T00:00:00",
      "quarter_label": "2024-06 (Q2)",
      "revenue": 708529000,
      "gross_profit": null,
      "operating_income": 189112000,
      "net_income": 142737000,
      "opex": 519417000,
      "cogs": null,
      "rd": 46182000,
      "sga": 173247000,
      "fcf": 54534000,
      "ocf": 54534000,
      "capex": null,
      "gross_margin": null,
      "op_margin": 0.26690791767168315,
      "fcf_margin": 0.07696791521589096,
      "incr_op_margin_yoy": 0.3353512029207102,
      "rev_growth_yoy": -0.0432730739316424,
      "rev_growth_yoy_accel": 0.026592292651578225,
      "op_leverage_ratio": 3.4475607957895322
    },
    {
      "date": "2024-06-30T00:00:00",
      "quarter_label": "2024-06 (Q2)",
      "revenue": 708529000,
      "gross_profit": 420285000,
      "operating_income": 189112000,
      "net_income": null,
      "opex": 519417000,
      "cogs": 288244000,
      "rd": 46182000,
      "sga": 173247000,
      "fcf": null,
      "ocf": null,
      "capex": null,
      "gross_margin": 0.5931796722505359,
      "op_margin": 0.26690791767168315,
      "fcf_margin": null,
      "incr_op_margin_yoy": 0.3353512029207102,
      "rev_growth_yoy": -0.0432730739316424,
      "rev_growth_yoy_accel": 0.0
    },
    {
      "date": "2024-09-28T00:00:00",
      "quarter_label": "2024-09 (Q3)",
      "revenue": 740305000,
      "gross_profit": null,
      "operating_income": 211132000,
      "net_income": 161503000,
      "opex": 529173000,
      "cogs": null,
      "rd": 45336000,
      "sga": 169097000,
      "fcf": 204580000,
      "ocf": 204580000,
      "capex": null,
      "gross_margin": null,
      "op_margin": 0.28519596652730966,
      "fcf_margin": 0.27634556027583224,
      "incr_op_margin_yoy": 1.108097717820571,
      "rev_growth_yoy": 0.04020418945274079,
      "rev_growth_yoy_accel": 0.08347726338438319,
      "op_leverage_ratio": 2.387734113167753
    },
    {
      "date": "2024-09-30T00:00:00",
      "quarter_label": "2024-09 (Q3)",
      "revenue": 740305000,
      "gross_profit": 438650000,
      "operating_income": 211132000,
      "net_income": null,
      "opex": 529173000,
      "cogs": 301655000,
      "rd": 45336000,
      "sga": 169097000,
      "fcf": null,
      "ocf": null,
      "capex": null,
      "gross_margin": 0.5925260534509426,
      "op_margin": 0.28519596652730966,
      "fcf_margin": null,
      "incr_op_margin_yoy": 1.108097717820571,
      "rev_growth_yoy": 0.04020418945274079,
      "rev_growth_yoy_accel": 0.0
    },
    {
      "date": "2024-12-31T00:00:00",
      "quarter_label": "2024-12 (Q4)",
      "revenue": 872714000,
      "gross_profit": 524198000,
      "operating_income": 292263000,
      "net_income": 231398000,
      "opex": 580451000,
      "cogs": 348516000,
      "rd": 46914000,
      "sga": 173268000,
      "fcf": 240139000,
      "ocf": 240139000,
      "capex": null,
      "gross_margin": 0.6006526765927899,
      "op_margin": 0.3348897806154135,
      "fcf_margin": 0.2751634556108874,
      "incr_op_margin_yoy": 0.526671675432006,
      "rev_growth_yoy": 0.06496850418683205,
      "rev_growth_yoy_accel": 0.024764314734091256,
      "op_leverage_ratio": 1.8457523161606428
    },
    {
      "date": "2025-03-29T00:00:00",
      "quarter_label": "2025-03 (Q1)",
      "revenue": 661705000,
      "gross_profit": null,
      "operating_income": 151745000,
      "net_income": 121381000,
      "opex": 509960000,
      "cogs": null,
      "rd": 46622000,
      "sga": 174881000,
      "fcf": 259553000,
      "ocf": 259553000,
      "capex": null,
      "gross_margin": null,
      "op_margin": 0.22932424569861193,
      "fcf_margin": 0.3922488117816852,
      "incr_op_margin_yoy": 0.7198182256896968,
      "rev_growth_yoy": 0.03904597551343432,
      "rev_growth_yoy_accel": -0.025922528673397727,
      "fcf_margin_change": 0.1170853561707978
    },
    {
      "date": "2025-06-28T00:00:00",
      "quarter_label": "2025-06 (Q2)",
      "revenue": 771332000,
      "gross_profit": null,
      "operating_income": 188213000,
      "net_income": 147111000,
      "opex": 583119000,
      "cogs": null,
      "rd": 48548000,
      "sga": 201257000,
      "fcf": 41141000,
      "ocf": 41141000,
      "capex": null,
      "gross_margin": null,
      "op_margin": 0.2440103612970809,
      "fcf_margin": 0.05333760300363527,
      "incr_op_margin_yoy": -0.014314602805598459,
      "rev_growth_yoy": 0.08863857372104741,
      "rev_growth_yoy_accel": 0.049592598207613095,
      "op_leverage_ratio": 1.1548390617258064,
      "fcf_margin_change": -0.3389112087780499
    },
    {
      "date": "2025-09-27T00:00:00",
      "quarter_label": "2025-09 (Q3)",
      "revenue": 799887000,
      "gross_profit": null,
      "operating_income": 192114000,
      "net_income": 148923000,
      "opex": 607773000,
      "cogs": null,
      "rd": 53643000,
      "sga": 214229000,
      "fcf": 187308000,
      "ocf": 187308000,
      "capex": null,
      "gross_margin": null,
      "op_margin": 0.24017642492001995,
      "fcf_margin": 0.23416807624076902,
      "incr_op_margin_yoy": -0.3191903595045483,
      "rev_growth_yoy": 0.08048304415072166,
      "rev_growth_yoy_accel": -0.008155529570325754,
      "op_leverage_ratio": 0.8756098050280626,
      "fcf_margin_change": 0.18083047323713375
    }
  ],
  "signals": [
    {
      "quarter": "2025-09 (Q3)",
      "signal": "FCF MARGIN EXPANSION",
      "detail": "FCF margin: +5.3% -> +23.4% (+18.1%)",
      "severity": "MEDIUM"
    },
    {
      "quarter": "2025-03 (Q1)",
      "signal": "FCF MARGIN EXPANSION",
      "detail": "FCF margin: +27.5% -> +39.2% (+11.7%)",
      "severity": "MEDIUM"
    },
    {
      "quarter": "2025-03 (Q1)",
      "signal": "INCREMENTAL MARGIN (YoY)",
      "detail": "YoY Incr OPM: +72.0% vs year-ago OPM: +21.0%",
      "severity": "HIGH"
    },
    {
      "quarter": "2024-12 (Q4)",
      "signal": "OPERATING LEVERAGE",
      "detail": "Rev growth +17.9% vs OpEx growth +9.7% (leverage: 1.8x)",
      "severity": "MEDIUM"
    },
    {
      "quarter": "2024-12 (Q4)",
      "signal": "INCREMENTAL MARGIN (YoY)",
      "detail": "YoY Incr OPM: +52.7% vs year-ago OPM: +32.2%",
      "severity": "HIGH"
    },
    {
      "quarter": "2024-09 (Q3)",
      "signal": "INCREMENTAL MARGIN (YoY)",
      "detail": "YoY Incr OPM: +110.8% vs year-ago OPM: +25.2%",
      "severity": "HIGH"
    },
    {
      "quarter": "2024-09 (Q3)",
      "signal": "OPERATING LEVERAGE",
      "detail": "Rev growth +4.5% vs OpEx growth +1.9% (leverage: 2.4x)",
      "severity": "MEDIUM"
    },
    {
      "quarter": "2024-09 (Q3)",
      "signal": "YoY REVENUE GROWTH ACCELERATION",
      "detail": "YoY growth: +4.0% vs prior quarter YoY: -4.3% (accel: +8.3%)",
      "severity": "MEDIUM"
    },
    {
      "quarter": "2024-09 (Q3)",
      "signal": "INCREMENTAL MARGIN (YoY)",
      "detail": "YoY Incr OPM: +110.8% vs year-ago OPM: +25.2%",
      "severity": "HIGH"
    },
    {
      "quarter": "2024-06 (Q2)",
      "signal": "OPERATING LEVERAGE",
      "detail": "Rev growth +11.3% vs OpEx growth +3.3% (leverage: 3.4x)",
      "severity": "MEDIUM"
    },
    {
      "quarter": "2024-03 (Q1)",
      "signal": "INCREMENTAL MARGIN (YoY)",
      "detail": "YoY Incr OPM: +84.3% vs year-ago OPM: +25.4%",
      "severity": "HIGH"
    },
    {
      "quarter": "2024-03 (Q1)",
      "signal": "FCF MARGIN EXPANSION",
      "detail": "FCF margin: +28.1% -> +41.3% (+13.2%)",
      "severity": "MEDIUM"
    },
    {
      "quarter": "2024-03 (Q1)",
      "signal": "INCREMENTAL MARGIN (YoY)",
      "detail": "YoY Incr OPM: +84.3% vs year-ago OPM: +25.4%",
      "severity": "HIGH"
    },
    {
      "quarter": "2023-12 (Q4)",
      "signal": "FCF MARGIN EXPANSION",
      "detail": "FCF margin: +22.2% -> +28.1% (+5.9%)",
      "severity": "MEDIUM"
    },
    {
      "quarter": "2023-12 (Q4)",
      "signal": "OPERATING LEVERAGE",
      "detail": "Rev growth +15.1% vs OpEx growth +4.3% (leverage: 3.5x)",
      "severity": "MEDIUM"
    },
    {
      "quarter": "2023-12 (Q4)",
      "signal": "INCREMENTAL MARGIN (YoY)",
      "detail": "YoY Incr OPM: +56.5% vs year-ago OPM: +33.3%",
      "severity": "HIGH"
    },
    {
      "quarter": "2023-09 (Q3)",
      "signal": "FCF MARGIN EXPANSION",
      "detail": "FCF margin: +2.4% -> +22.2% (+19.7%)",
      "severity": "MEDIUM"
    },
    {
      "quarter": "2022-12 (Q4)",
      "signal": "OPERATING LEVERAGE",
      "detail": "Rev growth +21.2% vs OpEx growth +10.8% (leverage: 2.0x)",
      "severity": "MEDIUM"
    }
  ],
  "data_quality": {
    "n_quarters": 20,
    "coverage": {
      "revenue": [
        20,
        20
      ],
      "gross_profit": [
        10,
        20
      ],
      "op_income": [
        20,
        20
      ],
      "fcf": [
        14,
        20
      ]
    },
    "gaps": [],
    "warnings": [
      "gross_profit: 10/20Q",
      "fcf: 14/20Q"
    ]
  },
  "market_cap": null,
  "source": "SEC EDGAR",
  "last_updated": "2026-02-02T20:15:09.707948"
}