{
  "ticker": "WAY",
  "name": "Waystar Holding Corp.",
  "sector": "Healthcare",
  "industry": "Health Information Services",
  "quarters": [
    {
      "date": "2023-06-30T00:00:00",
      "quarter_label": "2023-06 (Q2)",
      "revenue": 195969000,
      "gross_profit": 135469000,
      "operating_income": 37189000,
      "net_income": -10810000,
      "opex": 158780000,
      "cogs": 60500000,
      "rd": 8249000,
      "sga": null,
      "fcf": null,
      "ocf": null,
      "capex": null,
      "gross_margin": 0.691277702085534,
      "op_margin": 0.1897698105312575,
      "fcf_margin": null
    },
    {
      "date": "2023-09-30T00:00:00",
      "quarter_label": "2023-09 (Q3)",
      "revenue": 197263000,
      "gross_profit": 134341000,
      "operating_income": 32215000,
      "net_income": -15486000,
      "opex": 165048000,
      "cogs": 62922000,
      "rd": 8972000,
      "sga": null,
      "fcf": -10447000,
      "ocf": -10447000,
      "capex": null,
      "gross_margin": 0.6810248247263805,
      "op_margin": 0.1633098959257438,
      "fcf_margin": -0.05295975423672965
    },
    {
      "date": "2023-12-31T00:00:00",
      "quarter_label": "2023-12 (Q4)",
      "revenue": 206695000,
      "gross_profit": 139506000,
      "operating_income": 37688000,
      "net_income": -14415000,
      "opex": 169007000,
      "cogs": 67189000,
      "rd": 9784000,
      "sga": null,
      "fcf": 11456000,
      "ocf": 11456000,
      "capex": null,
      "gross_margin": 0.6749365006410412,
      "op_margin": 0.18233629260504608,
      "fcf_margin": 0.05542465952248482,
      "op_leverage_ratio": 1.9933470729043659,
      "fcf_margin_change": 0.10838441375921447
    },
    {
      "date": "2024-03-31T00:00:00",
      "quarter_label": "2024-03 (Q1)",
      "revenue": 224792000,
      "gross_profit": 149600000,
      "operating_income": 35191000,
      "net_income": -15932000,
      "opex": 189601000,
      "cogs": 75192000,
      "rd": 10320000,
      "sga": null,
      "fcf": 10730000,
      "ocf": 10730000,
      "capex": null,
      "gross_margin": 0.6655041104665647,
      "op_margin": 0.15654916545072778,
      "fcf_margin": 0.04773301540980106,
      "op_leverage_ratio": 0.7185228762128038,
      "fcf_margin_change": -0.007691644112683763
    },
    {
      "date": "2024-06-30T00:00:00",
      "quarter_label": "2024-06 (Q2)",
      "revenue": 234543000,
      "gross_profit": 154092000,
      "operating_income": 8245000,
      "net_income": -27685000,
      "opex": 226298000,
      "cogs": 80451000,
      "rd": 15901000,
      "sga": null,
      "fcf": 15450000,
      "ocf": 15450000,
      "capex": null,
      "gross_margin": 0.6569882708074852,
      "op_margin": 0.03515346866033094,
      "fcf_margin": 0.06587278238958315,
      "incr_op_margin_yoy": -0.7503499766682221,
      "rev_growth_yoy": 0.19683725487194403,
      "op_leverage_ratio": 0.2241188404417242,
      "fcf_margin_change": 0.01813976697978209
    },
    {
      "date": "2024-09-30T00:00:00",
      "quarter_label": "2024-09 (Q3)",
      "revenue": 240112000,
      "gross_profit": 159567000,
      "operating_income": 27146000,
      "net_income": 5413000,
      "opex": 212966000,
      "cogs": 80545000,
      "rd": 11082000,
      "sga": null,
      "fcf": 78818000,
      "ocf": 78818000,
      "capex": null,
      "gross_margin": 0.6645523755580729,
      "op_margin": 0.11305557406543613,
      "fcf_margin": 0.3282551475977877,
      "incr_op_margin_yoy": -0.11829914350393242,
      "rev_growth_yoy": 0.2172176231731242,
      "rev_growth_yoy_accel": 0.020380368301180174,
      "op_leverage_ratio": null,
      "fcf_margin_change": 0.2623823652082045
    },
    {
      "date": "2024-12-31T00:00:00",
      "quarter_label": "2024-12 (Q4)",
      "revenue": 244102000,
      "gross_profit": 164560000,
      "operating_income": 53143000,
      "net_income": 19079000,
      "opex": 190959000,
      "cogs": 79542000,
      "rd": 11472000,
      "sga": null,
      "fcf": 64770000,
      "ocf": 64770000,
      "capex": null,
      "gross_margin": 0.6741444150396146,
      "op_margin": 0.21770817117434516,
      "fcf_margin": 0.2653398988947243,
      "incr_op_margin_yoy": 0.41315796508674846,
      "rev_growth_yoy": 0.18097680156752705,
      "rev_growth_yoy_accel": -0.03624082160559716,
      "op_leverage_ratio": null,
      "fcf_margin_change": -0.06291524870306336
    },
    {
      "date": "2025-03-31T00:00:00",
      "quarter_label": "2025-03 (Q1)",
      "revenue": 256435000,
      "gross_profit": 173090000,
      "operating_income": 65209000,
      "net_income": 29269000,
      "opex": 191226000,
      "cogs": 83345000,
      "rd": 11078000,
      "sga": null,
      "fcf": 64249000,
      "ocf": 64249000,
      "capex": null,
      "gross_margin": 0.6749858638641371,
      "op_margin": 0.2542905609608673,
      "fcf_margin": 0.2505469222220056,
      "incr_op_margin_yoy": 0.9486458300413994,
      "rev_growth_yoy": 0.1407656856115876,
      "rev_growth_yoy_accel": -0.04021111595593946,
      "op_leverage_ratio": 36.13485065508165,
      "fcf_margin_change": -0.014792976672718727
    },
    {
      "date": "2025-06-30T00:00:00",
      "quarter_label": "2025-06 (Q2)",
      "revenue": 270654000,
      "gross_profit": 183610000,
      "operating_income": 64846000,
      "net_income": 32184000,
      "opex": 205808000,
      "cogs": 87044000,
      "rd": 12622000,
      "sga": null,
      "fcf": 96760000,
      "ocf": 96760000,
      "capex": null,
      "gross_margin": 0.678393816459391,
      "op_margin": 0.23959003007529908,
      "fcf_margin": 0.35750441523125465,
      "incr_op_margin_yoy": 1.5674171305142477,
      "rev_growth_yoy": 0.15396323915017715,
      "rev_growth_yoy_accel": 0.013197553538589563,
      "op_leverage_ratio": 0.7271459685706644,
      "fcf_margin_change": 0.10695749300924906
    },
    {
      "date": "2025-09-30T00:00:00",
      "quarter_label": "2025-09 (Q3)",
      "revenue": 268651000,
      "gross_profit": 183515000,
      "operating_income": 60232000,
      "net_income": 30648000,
      "opex": 208419000,
      "cogs": 85136000,
      "rd": 12403000,
      "sga": null,
      "fcf": 82030000,
      "ocf": 82030000,
      "capex": null,
      "gross_margin": 0.6830981459216604,
      "op_margin": 0.22420165940197506,
      "fcf_margin": 0.30534038585376566,
      "incr_op_margin_yoy": 1.1593258348225235,
      "rev_growth_yoy": 0.11885703338442061,
      "rev_growth_yoy_accel": -0.03510620576575654,
      "fcf_margin_change": -0.052164029377488985
    },
    {
      "date": "2025-12-31T00:00:00",
      "quarter_label": "2025-12 (Q4)",
      "revenue": 303538000,
      "gross_profit": 210901000,
      "operating_income": 59018000,
      "net_income": 19988000,
      "opex": 244520000,
      "cogs": 92637000,
      "rd": 18520000,
      "sga": null,
      "fcf": 66634000,
      "ocf": 66634000,
      "capex": null,
      "gross_margin": 0.694809216638444,
      "op_margin": 0.19443364586970988,
      "fcf_margin": 0.2195244088054873,
      "incr_op_margin_yoy": 0.09884581734975435,
      "rev_growth_yoy": 0.24348837780927646,
      "rev_growth_yoy_accel": 0.12463134442485585,
      "op_leverage_ratio": 0.7497098891566244,
      "fcf_margin_change": -0.08581597704827837
    }
  ],
  "signals": [
    {
      "quarter": "2025-12 (Q4)",
      "signal": "YoY REVENUE GROWTH ACCELERATION",
      "detail": "YoY growth: +24.3% vs prior quarter YoY: +11.9% (accel: +12.5%)",
      "severity": "MEDIUM"
    },
    {
      "quarter": "2025-09 (Q3)",
      "signal": "INCREMENTAL MARGIN (YoY)",
      "detail": "YoY Incr OPM: +115.9% vs year-ago OPM: +11.3%",
      "severity": "HIGH"
    },
    {
      "quarter": "2025-06 (Q2)",
      "signal": "FCF MARGIN EXPANSION",
      "detail": "FCF margin: +25.1% -> +35.8% (+10.7%)",
      "severity": "MEDIUM"
    },
    {
      "quarter": "2025-06 (Q2)",
      "signal": "INCREMENTAL MARGIN (YoY)",
      "detail": "YoY Incr OPM: +156.7% vs year-ago OPM: +3.5%",
      "severity": "HIGH"
    },
    {
      "quarter": "2025-03 (Q1)",
      "signal": "OPERATING LEVERAGE",
      "detail": "Rev growth +5.1% vs OpEx growth +0.1% (leverage: 36.1x)",
      "severity": "MEDIUM"
    },
    {
      "quarter": "2025-03 (Q1)",
      "signal": "INCREMENTAL MARGIN (YoY)",
      "detail": "YoY Incr OPM: +94.9% vs year-ago OPM: +15.7%",
      "severity": "HIGH"
    },
    {
      "quarter": "2024-12 (Q4)",
      "signal": "INCREMENTAL MARGIN (YoY)",
      "detail": "YoY Incr OPM: +41.3% vs year-ago OPM: +18.2%",
      "severity": "HIGH"
    },
    {
      "quarter": "2024-09 (Q3)",
      "signal": "FCF MARGIN EXPANSION",
      "detail": "FCF margin: +6.6% -> +32.8% (+26.2%)",
      "severity": "MEDIUM"
    },
    {
      "quarter": "2023-12 (Q4)",
      "signal": "FCF TURNED POSITIVE",
      "detail": "FCF margin: -5.3% -> +5.5%",
      "severity": "HIGH"
    },
    {
      "quarter": "2023-12 (Q4)",
      "signal": "OPERATING LEVERAGE",
      "detail": "Rev growth +4.8% vs OpEx growth +2.4% (leverage: 2.0x)",
      "severity": "MEDIUM"
    }
  ],
  "data_quality": {
    "n_quarters": 11,
    "coverage": {
      "revenue": [
        11,
        11
      ],
      "gross_profit": [
        11,
        11
      ],
      "op_income": [
        11,
        11
      ],
      "fcf": [
        10,
        11
      ]
    },
    "gaps": [],
    "warnings": []
  },
  "market_cap": null,
  "source": "SEC EDGAR",
  "last_updated": "2026-02-24T10:38:56.493437"
}