{
  "ticker": "WBHC",
  "name": "WILSON BANK HOLDING COMPANY",
  "quarters": [
    {
      "date": "2020-06-30T00:00:00",
      "quarter_label": "2020-06 (Q2)",
      "revenue": 2378000,
      "gross_profit": null,
      "operating_income": null,
      "net_income": null,
      "opex": null,
      "cogs": null,
      "rd": null,
      "sga": null,
      "fcf": null,
      "ocf": null,
      "capex": null,
      "gross_margin": null,
      "op_margin": null,
      "fcf_margin": null
    },
    {
      "date": "2020-09-30T00:00:00",
      "quarter_label": "2020-09 (Q3)",
      "revenue": 2331000,
      "gross_profit": null,
      "operating_income": null,
      "net_income": null,
      "opex": null,
      "cogs": null,
      "rd": null,
      "sga": null,
      "fcf": null,
      "ocf": null,
      "capex": null,
      "gross_margin": null,
      "op_margin": null,
      "fcf_margin": null
    },
    {
      "date": "2021-03-31T00:00:00",
      "quarter_label": "2021-03 (Q1)",
      "revenue": 2529000,
      "gross_profit": null,
      "operating_income": null,
      "net_income": 11144000,
      "opex": null,
      "cogs": null,
      "rd": null,
      "sga": null,
      "fcf": 6100000,
      "ocf": 6633000,
      "capex": -533000,
      "gross_margin": null,
      "op_margin": null,
      "fcf_margin": 2.4120205614867536
    },
    {
      "date": "2021-06-30T00:00:00",
      "quarter_label": "2021-06 (Q2)",
      "revenue": 3353000,
      "gross_profit": null,
      "operating_income": null,
      "net_income": 11139000,
      "opex": null,
      "cogs": null,
      "rd": null,
      "sga": null,
      "fcf": 24092000,
      "ocf": 25219000,
      "capex": -1127000,
      "gross_margin": null,
      "op_margin": null,
      "fcf_margin": 7.185207277065315,
      "rev_growth_yoy": 0.4100084104289319,
      "fcf_margin_change": 4.773186715578561
    },
    {
      "date": "2021-09-30T00:00:00",
      "quarter_label": "2021-09 (Q3)",
      "revenue": 3012000,
      "gross_profit": null,
      "operating_income": null,
      "net_income": 13342000,
      "opex": null,
      "cogs": null,
      "rd": null,
      "sga": null,
      "fcf": 15146000,
      "ocf": 21157000,
      "capex": -6011000,
      "gross_margin": null,
      "op_margin": null,
      "fcf_margin": 5.02855245683931,
      "rev_growth_yoy": 0.29214929214929214,
      "rev_growth_yoy_accel": -0.11785911827963974,
      "fcf_margin_change": -2.156654820226005
    },
    {
      "date": "2022-03-31T00:00:00",
      "quarter_label": "2022-03 (Q1)",
      "revenue": 2877000,
      "gross_profit": null,
      "operating_income": null,
      "net_income": 11373000,
      "opex": null,
      "cogs": null,
      "rd": null,
      "sga": null,
      "fcf": 17998000,
      "ocf": 18808000,
      "capex": -810000,
      "gross_margin": null,
      "op_margin": null,
      "fcf_margin": 6.255822036843934,
      "rev_growth_yoy": 0.1376037959667853,
      "rev_growth_yoy_accel": -0.15454549618250685,
      "fcf_margin_change": 1.2272695800046245
    },
    {
      "date": "2022-06-30T00:00:00",
      "quarter_label": "2022-06 (Q2)",
      "revenue": 3734000,
      "gross_profit": null,
      "operating_income": null,
      "net_income": 14139000,
      "opex": null,
      "cogs": null,
      "rd": null,
      "sga": null,
      "fcf": 20484000,
      "ocf": 21074000,
      "capex": -590000,
      "gross_margin": null,
      "op_margin": null,
      "fcf_margin": 5.4858061060524905,
      "rev_growth_yoy": 0.11362958544586937,
      "rev_growth_yoy_accel": -0.023974210520915917,
      "fcf_margin_change": -0.7700159307914438
    },
    {
      "date": "2022-09-30T00:00:00",
      "quarter_label": "2022-09 (Q3)",
      "revenue": 3259000,
      "gross_profit": null,
      "operating_income": null,
      "net_income": 15190000,
      "opex": null,
      "cogs": null,
      "rd": null,
      "sga": null,
      "fcf": 23061000,
      "ocf": 22166000,
      "capex": 895000,
      "gross_margin": null,
      "op_margin": null,
      "fcf_margin": 7.076096962258362,
      "rev_growth_yoy": 0.08200531208499336,
      "rev_growth_yoy_accel": -0.03162427336087602,
      "fcf_margin_change": 1.590290856205871
    },
    {
      "date": "2022-12-31T00:00:00",
      "quarter_label": "2022-12 (Q4)",
      "revenue": 174951000,
      "gross_profit": null,
      "operating_income": null,
      "net_income": 12340000,
      "opex": null,
      "cogs": null,
      "rd": null,
      "sga": null,
      "fcf": 6642000,
      "ocf": 11159000,
      "capex": -4517000,
      "gross_margin": null,
      "op_margin": null,
      "fcf_margin": 0.03796491589073512,
      "fcf_margin_change": -7.038132046367626
    },
    {
      "date": "2023-03-31T00:00:00",
      "quarter_label": "2023-03 (Q1)",
      "revenue": 1972000,
      "gross_profit": null,
      "operating_income": null,
      "net_income": 13841000,
      "opex": null,
      "cogs": null,
      "rd": null,
      "sga": null,
      "fcf": 21760000,
      "ocf": 22634000,
      "capex": -874000,
      "gross_margin": null,
      "op_margin": null,
      "fcf_margin": 11.03448275862069,
      "rev_growth_yoy": -0.3145637817170664,
      "fcf_margin_change": 10.996517842729956
    },
    {
      "date": "2023-06-30T00:00:00",
      "quarter_label": "2023-06 (Q2)",
      "revenue": 2486000,
      "gross_profit": null,
      "operating_income": null,
      "net_income": 12389000,
      "opex": null,
      "cogs": null,
      "rd": null,
      "sga": null,
      "fcf": 21614000,
      "ocf": 22846000,
      "capex": -1232000,
      "gross_margin": null,
      "op_margin": null,
      "fcf_margin": 8.694288012872084,
      "rev_growth_yoy": -0.3342260310658811,
      "rev_growth_yoy_accel": -0.01966224934881472,
      "fcf_margin_change": -2.3401947457486063
    },
    {
      "date": "2023-09-30T00:00:00",
      "quarter_label": "2023-09 (Q3)",
      "revenue": 2018000,
      "gross_profit": null,
      "operating_income": null,
      "net_income": 11486000,
      "opex": null,
      "cogs": null,
      "rd": null,
      "sga": null,
      "fcf": 20870000,
      "ocf": 21789000,
      "capex": -919000,
      "gross_margin": null,
      "op_margin": null,
      "fcf_margin": 10.341922695738354,
      "rev_growth_yoy": -0.3807916538815588,
      "rev_growth_yoy_accel": -0.046565622815677665,
      "fcf_margin_change": 1.6476346828662702
    },
    {
      "date": "2023-12-31T00:00:00",
      "quarter_label": "2023-12 (Q4)",
      "revenue": 244396000,
      "gross_profit": null,
      "operating_income": null,
      "net_income": 11222000,
      "opex": null,
      "cogs": null,
      "rd": null,
      "sga": null,
      "fcf": 17217000,
      "ocf": 18835000,
      "capex": -1618000,
      "gross_margin": null,
      "op_margin": null,
      "fcf_margin": 0.0704471431610992,
      "rev_growth_yoy": 0.3969397145486451,
      "rev_growth_yoy_accel": 0.7777313684302039,
      "fcf_margin_change": -10.271475552577256
    },
    {
      "date": "2024-03-31T00:00:00",
      "quarter_label": "2024-03 (Q1)",
      "revenue": 72160000,
      "gross_profit": null,
      "operating_income": null,
      "net_income": 12768000,
      "opex": null,
      "cogs": null,
      "rd": null,
      "sga": null,
      "fcf": 16299000,
      "ocf": 16997000,
      "capex": -698000,
      "gross_margin": null,
      "op_margin": null,
      "fcf_margin": 0.2258730598669623,
      "rev_growth_yoy": 35.59229208924949,
      "rev_growth_yoy_accel": 35.195352374700846,
      "fcf_margin_change": 0.1554259167058631
    },
    {
      "date": "2024-06-30T00:00:00",
      "quarter_label": "2024-06 (Q2)",
      "revenue": 77600000,
      "gross_profit": null,
      "operating_income": null,
      "net_income": 16137000,
      "opex": null,
      "cogs": null,
      "rd": null,
      "sga": null,
      "fcf": 17011000,
      "ocf": 18201000,
      "capex": -1190000,
      "gross_margin": null,
      "op_margin": null,
      "fcf_margin": 0.21921391752577318,
      "rev_growth_yoy": 30.214802896218824,
      "rev_growth_yoy_accel": -5.377489193030666,
      "fcf_margin_change": -0.0066591423411891115
    },
    {
      "date": "2024-09-30T00:00:00",
      "quarter_label": "2024-09 (Q3)",
      "revenue": 80196000,
      "gross_profit": null,
      "operating_income": null,
      "net_income": 12686000,
      "opex": null,
      "cogs": null,
      "rd": null,
      "sga": null,
      "fcf": 18014000,
      "ocf": 18745000,
      "capex": -731000,
      "gross_margin": null,
      "op_margin": null,
      "fcf_margin": 0.22462466955957902,
      "rev_growth_yoy": 38.740336967294354,
      "rev_growth_yoy_accel": 8.52553407107553,
      "fcf_margin_change": 0.005410752033805838
    },
    {
      "date": "2024-12-31T00:00:00",
      "quarter_label": "2024-12 (Q4)",
      "revenue": 83114000,
      "gross_profit": null,
      "operating_income": null,
      "net_income": 14939000,
      "opex": null,
      "cogs": null,
      "rd": null,
      "sga": null,
      "fcf": 7163000,
      "ocf": 8038000,
      "capex": -875000,
      "gross_margin": null,
      "op_margin": null,
      "fcf_margin": 0.08618283321702722,
      "rev_growth_yoy": -0.6599207843008887,
      "rev_growth_yoy_accel": -39.40025775159524,
      "fcf_margin_change": -0.1384418363425518
    },
    {
      "date": "2025-03-31T00:00:00",
      "quarter_label": "2025-03 (Q1)",
      "revenue": 84599000,
      "gross_profit": null,
      "operating_income": null,
      "net_income": 16392000,
      "opex": null,
      "cogs": null,
      "rd": null,
      "sga": null,
      "fcf": 21607000,
      "ocf": 22473000,
      "capex": -866000,
      "gross_margin": null,
      "op_margin": null,
      "fcf_margin": 0.25540491022352513,
      "rev_growth_yoy": 0.1723808203991131,
      "rev_growth_yoy_accel": 0.8323016047000018,
      "fcf_margin_change": 0.1692220770064979
    },
    {
      "date": "2025-06-30T00:00:00",
      "quarter_label": "2025-06 (Q2)",
      "revenue": 90036000,
      "gross_profit": null,
      "operating_income": null,
      "net_income": 19115000,
      "opex": null,
      "cogs": null,
      "rd": null,
      "sga": null,
      "fcf": 18839000,
      "ocf": 19938000,
      "capex": -1099000,
      "gross_margin": null,
      "op_margin": null,
      "fcf_margin": 0.20923852681149763,
      "rev_growth_yoy": 0.1602577319587629,
      "rev_growth_yoy_accel": -0.012123088440350205,
      "fcf_margin_change": -0.0461663834120275
    },
    {
      "date": "2025-09-30T00:00:00",
      "quarter_label": "2025-09 (Q3)",
      "revenue": 88942000,
      "gross_profit": null,
      "operating_income": null,
      "net_income": 17871000,
      "opex": null,
      "cogs": null,
      "rd": null,
      "sga": null,
      "fcf": 27422000,
      "ocf": 28138000,
      "capex": -716000,
      "gross_margin": null,
      "op_margin": null,
      "fcf_margin": 0.30831328281351894,
      "rev_growth_yoy": 0.10905780836949473,
      "rev_growth_yoy_accel": -0.051199923589268156,
      "fcf_margin_change": 0.09907475600202131
    }
  ],
  "signals": [
    {
      "quarter": "2025-09 (Q3)",
      "signal": "FCF MARGIN EXPANSION",
      "detail": "FCF margin: +20.9% -> +30.8% (+9.9%)",
      "severity": "MEDIUM"
    },
    {
      "quarter": "2025-09 (Q3)",
      "signal": "YoY REVENUE GROWTH DECELERATION",
      "detail": "YoY growth: +10.9% vs prior quarter YoY: +16.0% (decel: -5.1%)",
      "severity": "WARNING"
    },
    {
      "quarter": "2025-03 (Q1)",
      "signal": "FCF MARGIN EXPANSION",
      "detail": "FCF margin: +8.6% -> +25.5% (+16.9%)",
      "severity": "MEDIUM"
    },
    {
      "quarter": "2025-03 (Q1)",
      "signal": "YoY REVENUE GROWTH ACCELERATION",
      "detail": "YoY growth: +17.2% vs prior quarter YoY: -66.0% (accel: +83.2%)",
      "severity": "HIGH"
    },
    {
      "quarter": "2024-12 (Q4)",
      "signal": "YoY REVENUE GROWTH DECELERATION",
      "detail": "YoY growth: -66.0% vs prior quarter YoY: +3874.0% (decel: -3940.0%)",
      "severity": "WARNING"
    },
    {
      "quarter": "2024-09 (Q3)",
      "signal": "YoY REVENUE GROWTH ACCELERATION",
      "detail": "YoY growth: +3874.0% vs prior quarter YoY: +3021.5% (accel: +852.6%)",
      "severity": "HIGH"
    },
    {
      "quarter": "2024-06 (Q2)",
      "signal": "YoY REVENUE GROWTH DECELERATION",
      "detail": "YoY growth: +3021.5% vs prior quarter YoY: +3559.2% (decel: -537.7%)",
      "severity": "WARNING"
    },
    {
      "quarter": "2024-03 (Q1)",
      "signal": "FCF MARGIN EXPANSION",
      "detail": "FCF margin: +7.0% -> +22.6% (+15.5%)",
      "severity": "MEDIUM"
    },
    {
      "quarter": "2024-03 (Q1)",
      "signal": "YoY REVENUE GROWTH ACCELERATION",
      "detail": "YoY growth: +3559.2% vs prior quarter YoY: +39.7% (accel: +3519.5%)",
      "severity": "HIGH"
    },
    {
      "quarter": "2023-12 (Q4)",
      "signal": "YoY REVENUE GROWTH ACCELERATION",
      "detail": "YoY growth: +39.7% vs prior quarter YoY: -38.1% (accel: +77.8%)",
      "severity": "HIGH"
    },
    {
      "quarter": "2023-09 (Q3)",
      "signal": "FCF MARGIN EXPANSION",
      "detail": "FCF margin: +869.4% -> +1034.2% (+164.8%)",
      "severity": "MEDIUM"
    },
    {
      "quarter": "2023-03 (Q1)",
      "signal": "FCF MARGIN EXPANSION",
      "detail": "FCF margin: +3.8% -> +1103.4% (+1099.7%)",
      "severity": "MEDIUM"
    },
    {
      "quarter": "2022-09 (Q3)",
      "signal": "FCF MARGIN EXPANSION",
      "detail": "FCF margin: +548.6% -> +707.6% (+159.0%)",
      "severity": "MEDIUM"
    },
    {
      "quarter": "2022-03 (Q1)",
      "signal": "FCF MARGIN EXPANSION",
      "detail": "FCF margin: +502.9% -> +625.6% (+122.7%)",
      "severity": "MEDIUM"
    },
    {
      "quarter": "2022-03 (Q1)",
      "signal": "YoY REVENUE GROWTH DECELERATION",
      "detail": "YoY growth: +13.8% vs prior quarter YoY: +29.2% (decel: -15.5%)",
      "severity": "WARNING"
    },
    {
      "quarter": "2021-09 (Q3)",
      "signal": "YoY REVENUE GROWTH DECELERATION",
      "detail": "YoY growth: +29.2% vs prior quarter YoY: +41.0% (decel: -11.8%)",
      "severity": "WARNING"
    },
    {
      "quarter": "2021-06 (Q2)",
      "signal": "FCF MARGIN EXPANSION",
      "detail": "FCF margin: +241.2% -> +718.5% (+477.3%)",
      "severity": "MEDIUM"
    }
  ],
  "data_quality": {
    "n_quarters": 20,
    "coverage": {
      "revenue": [
        20,
        20
      ],
      "gross_profit": [
        0,
        20
      ],
      "op_income": [
        0,
        20
      ],
      "fcf": [
        18,
        20
      ]
    },
    "gaps": [
      [
        "2020-09 (Q3)",
        "2021-03 (Q1)",
        182
      ],
      [
        "2021-09 (Q3)",
        "2022-03 (Q1)",
        182
      ]
    ],
    "warnings": [
      "gross_profit: no data",
      "op_income: no data",
      "gap: 1Q missing between 2020-09 (Q3) and 2021-03 (Q1)",
      "gap: 1Q missing between 2021-09 (Q3) and 2022-03 (Q1)"
    ]
  },
  "market_cap": null,
  "source": "SEC EDGAR",
  "last_updated": "2026-02-03T00:56:18.560771"
}