{
  "ticker": "WBS-PF",
  "name": "WEBSTER FINANCIAL CORPORATION",
  "quarters": [
    {
      "date": "2020-12-31T00:00:00",
      "quarter_label": "2020-12 (Q4)",
      "revenue": 48900000,
      "gross_profit": null,
      "operating_income": 74162000,
      "net_income": 60044000,
      "opex": null,
      "cogs": null,
      "rd": null,
      "sga": null,
      "fcf": 211789000,
      "ocf": 219053000,
      "capex": -7264000,
      "gross_margin": null,
      "op_margin": 1.516605316973415,
      "fcf_margin": 4.331063394683026
    },
    {
      "date": "2021-03-31T00:00:00",
      "quarter_label": "2021-03 (Q1)",
      "revenue": 52407000,
      "gross_profit": null,
      "operating_income": 112539000,
      "net_income": 108078000,
      "opex": null,
      "cogs": null,
      "rd": null,
      "sga": null,
      "fcf": 225145000,
      "ocf": 228825000,
      "capex": -3680000,
      "gross_margin": null,
      "op_margin": 2.147403972751732,
      "fcf_margin": 4.296086400671666,
      "fcf_margin_change": -0.034976994011359785
    },
    {
      "date": "2021-06-30T00:00:00",
      "quarter_label": "2021-06 (Q2)",
      "revenue": 54181000,
      "gross_profit": null,
      "operating_income": 106526000,
      "net_income": 94035000,
      "opex": null,
      "cogs": null,
      "rd": null,
      "sga": null,
      "fcf": 80679000,
      "ocf": 84406000,
      "capex": -3727000,
      "gross_margin": null,
      "op_margin": 1.966113582252081,
      "fcf_margin": 1.489064432181023,
      "fcf_margin_change": -2.8070219684906434
    },
    {
      "date": "2021-09-30T00:00:00",
      "quarter_label": "2021-09 (Q3)",
      "revenue": 52739000,
      "gross_profit": null,
      "operating_income": 133229000,
      "net_income": 95713000,
      "opex": null,
      "cogs": null,
      "rd": null,
      "sga": null,
      "fcf": 147116000,
      "ocf": 150938000,
      "capex": -3822000,
      "gross_margin": null,
      "op_margin": 2.5261950359316634,
      "fcf_margin": 2.7895106088473427,
      "fcf_margin_change": 1.3004461766663198
    },
    {
      "date": "2021-12-31T00:00:00",
      "quarter_label": "2021-12 (Q4)",
      "revenue": 53079000,
      "gross_profit": null,
      "operating_income": 127067000,
      "net_income": 111038000,
      "opex": null,
      "cogs": null,
      "rd": null,
      "sga": null,
      "fcf": 219063000,
      "ocf": 224423000,
      "capex": -5360000,
      "gross_margin": null,
      "op_margin": 2.3939222668098497,
      "fcf_margin": 4.127112417340191,
      "incr_op_margin_yoy": 12.6597272074659,
      "rev_growth_yoy": 0.0854601226993865,
      "fcf_margin_change": 1.3376018084928485
    },
    {
      "date": "2022-03-31T00:00:00",
      "quarter_label": "2022-03 (Q1)",
      "revenue": 65131000,
      "gross_profit": null,
      "operating_income": 138498000,
      "net_income": -16747000,
      "opex": null,
      "cogs": null,
      "rd": null,
      "sga": null,
      "fcf": 210613000,
      "ocf": 215257000,
      "capex": -4644000,
      "gross_margin": null,
      "op_margin": 2.126452841196972,
      "fcf_margin": 3.2336828852620103,
      "incr_op_margin_yoy": 2.0401603269412134,
      "rev_growth_yoy": 0.24279199343599137,
      "rev_growth_yoy_accel": 0.15733187073660487,
      "fcf_margin_change": -0.8934295320781809
    },
    {
      "date": "2022-06-30T00:00:00",
      "quarter_label": "2022-06 (Q2)",
      "revenue": 70594000,
      "gross_profit": null,
      "operating_income": 249366000,
      "net_income": 182311000,
      "opex": null,
      "cogs": null,
      "rd": null,
      "sga": null,
      "fcf": 418297000,
      "ocf": 423548000,
      "capex": -5251000,
      "gross_margin": null,
      "op_margin": 3.532396520950789,
      "fcf_margin": 5.92539025979545,
      "incr_op_margin_yoy": 8.702857491013221,
      "rev_growth_yoy": 0.3029290710765767,
      "rev_growth_yoy_accel": 0.06013707764058532,
      "fcf_margin_change": 2.69170737453344
    },
    {
      "date": "2022-09-30T00:00:00",
      "quarter_label": "2022-09 (Q3)",
      "revenue": 70096000,
      "gross_profit": null,
      "operating_income": 334568000,
      "net_income": 233968000,
      "opex": null,
      "cogs": null,
      "rd": null,
      "sga": null,
      "fcf": 413229000,
      "ocf": 421860000,
      "capex": -8631000,
      "gross_margin": null,
      "op_margin": 4.77299703264095,
      "fcf_margin": 5.895186601232595,
      "incr_op_margin_yoy": 11.599873249985597,
      "rev_growth_yoy": 0.32911128386962213,
      "rev_growth_yoy_accel": 0.026182212793045445,
      "fcf_margin_change": -0.030203658562855118
    },
    {
      "date": "2022-12-31T00:00:00",
      "quarter_label": "2022-12 (Q4)",
      "revenue": 2269248000,
      "gross_profit": null,
      "operating_income": 356164000,
      "net_income": 244751000,
      "opex": null,
      "cogs": null,
      "rd": null,
      "sga": null,
      "fcf": 265051000,
      "ocf": 275287000,
      "capex": -10236000,
      "gross_margin": null,
      "op_margin": 0.15695243534421977,
      "fcf_margin": 0.11680124869560313,
      "incr_op_margin_yoy": 0.10337523898222563,
      "rev_growth_yoy": 41.75227491098175,
      "rev_growth_yoy_accel": 41.423163627112125,
      "fcf_margin_change": -5.778385352536992
    },
    {
      "date": "2023-03-31T00:00:00",
      "quarter_label": "2023-03 (Q1)",
      "revenue": 59715000,
      "gross_profit": null,
      "operating_income": 333582000,
      "net_income": 221004000,
      "opex": null,
      "cogs": null,
      "rd": null,
      "sga": null,
      "fcf": 204001000,
      "ocf": 214294000,
      "capex": -10293000,
      "gross_margin": null,
      "op_margin": 5.586234614418488,
      "fcf_margin": 3.416243824834631,
      "incr_op_margin_yoy": -36.01994091580502,
      "rev_growth_yoy": -0.08315548663462867,
      "rev_growth_yoy_accel": -41.83543039761638,
      "fcf_margin_change": 3.299442576139028
    },
    {
      "date": "2023-06-30T00:00:00",
      "quarter_label": "2023-06 (Q2)",
      "revenue": 61489000,
      "gross_profit": null,
      "operating_income": 329114000,
      "net_income": 234968000,
      "opex": null,
      "cogs": null,
      "rd": null,
      "sga": null,
      "fcf": 240000000,
      "ocf": 249368000,
      "capex": -9368000,
      "gross_margin": null,
      "op_margin": 5.352404495112947,
      "fcf_margin": 3.9031371464814844,
      "incr_op_margin_yoy": -8.758704008786381,
      "rev_growth_yoy": -0.12897696688103805,
      "rev_growth_yoy_accel": -0.04582148024640938,
      "fcf_margin_change": 0.4868933216468534
    },
    {
      "date": "2023-09-30T00:00:00",
      "quarter_label": "2023-09 (Q3)",
      "revenue": 58392000,
      "gross_profit": null,
      "operating_income": 314940000,
      "net_income": 226475000,
      "opex": null,
      "cogs": null,
      "rd": null,
      "sga": null,
      "fcf": 412853000,
      "ocf": 427172000,
      "capex": -14319000,
      "gross_margin": null,
      "op_margin": 5.393547061241266,
      "fcf_margin": 7.070369228661461,
      "incr_op_margin_yoy": 1.6770334928229664,
      "rev_growth_yoy": -0.16697101118466104,
      "rev_growth_yoy_accel": -0.03799404430362299,
      "fcf_margin_change": 3.1672320821799764
    },
    {
      "date": "2023-12-31T00:00:00",
      "quarter_label": "2023-12 (Q4)",
      "revenue": 2472010000,
      "gross_profit": null,
      "operating_income": 257615000,
      "net_income": 185393000,
      "opex": null,
      "cogs": null,
      "rd": null,
      "sga": null,
      "fcf": 81492000,
      "ocf": 87815000,
      "capex": -6323000,
      "gross_margin": null,
      "op_margin": 0.10421276612958685,
      "fcf_margin": 0.03296588606033147,
      "incr_op_margin_yoy": -0.48603288584646037,
      "rev_growth_yoy": 0.08935206729277717,
      "rev_growth_yoy_accel": 0.2563230784774382,
      "fcf_margin_change": -7.037403342601129
    },
    {
      "date": "2024-03-31T00:00:00",
      "quarter_label": "2024-03 (Q1)",
      "revenue": 667092000,
      "gross_profit": null,
      "operating_income": 331169000,
      "net_income": 216323000,
      "opex": null,
      "cogs": null,
      "rd": null,
      "sga": null,
      "fcf": 238624000,
      "ocf": 243681000,
      "capex": -5057000,
      "gross_margin": null,
      "op_margin": 0.49643677333860997,
      "fcf_margin": 0.3577077824348066,
      "incr_op_margin_yoy": -0.00397282083450641,
      "rev_growth_yoy": 10.171263501632756,
      "rev_growth_yoy_accel": 10.081911434339979,
      "fcf_margin_change": 0.32474189637447515
    },
    {
      "date": "2024-06-30T00:00:00",
      "quarter_label": "2024-06 (Q2)",
      "revenue": 614595000,
      "gross_profit": null,
      "operating_income": 288574000,
      "net_income": 181633000,
      "opex": null,
      "cogs": null,
      "rd": null,
      "sga": null,
      "fcf": 215565000,
      "ocf": 223991000,
      "capex": -8426000,
      "gross_margin": null,
      "op_margin": 0.4695352223822192,
      "fcf_margin": 0.3507431723329998,
      "incr_op_margin_yoy": -0.0732951730771317,
      "rev_growth_yoy": 8.995202393924117,
      "rev_growth_yoy_accel": -1.1760611077086391,
      "fcf_margin_change": -0.006964610101806823
    },
    {
      "date": "2024-09-30T00:00:00",
      "quarter_label": "2024-09 (Q3)",
      "revenue": 647624000,
      "gross_profit": null,
      "operating_income": 298666000,
      "net_income": 192985000,
      "opex": null,
      "cogs": null,
      "rd": null,
      "sga": null,
      "fcf": 35290000,
      "ocf": 45312000,
      "capex": -10022000,
      "gross_margin": null,
      "op_margin": 0.4611719145677121,
      "fcf_margin": 0.05449149506503774,
      "incr_op_margin_yoy": -0.027619002362397154,
      "rev_growth_yoy": 10.09097136594054,
      "rev_growth_yoy_accel": 1.0957689720164225,
      "fcf_margin_change": -0.29625167726796203
    },
    {
      "date": "2024-12-31T00:00:00",
      "quarter_label": "2024-12 (Q4)",
      "revenue": 660975000,
      "gross_profit": null,
      "operating_income": 320598000,
      "net_income": 177766000,
      "opex": null,
      "cogs": null,
      "rd": null,
      "sga": null,
      "fcf": 878977000,
      "ocf": 891316000,
      "capex": -12339000,
      "gross_margin": null,
      "op_margin": 0.48503801202768637,
      "fcf_margin": 1.3298188282461516,
      "incr_op_margin_yoy": -0.03477735107272913,
      "rev_growth_yoy": -0.7326163729111128,
      "rev_growth_yoy_accel": -10.823587738851653,
      "fcf_margin_change": 1.275327333181114
    },
    {
      "date": "2025-03-31T00:00:00",
      "quarter_label": "2025-03 (Q1)",
      "revenue": 704798000,
      "gross_profit": null,
      "operating_income": 361154000,
      "net_income": 226917000,
      "opex": null,
      "cogs": null,
      "rd": null,
      "sga": null,
      "fcf": 86579000,
      "ocf": 94890000,
      "capex": -8311000,
      "gross_margin": null,
      "op_margin": 0.5124219989273522,
      "fcf_margin": 0.12284228956381829,
      "incr_op_margin_yoy": 0.7952315281387577,
      "rev_growth_yoy": 0.056522938365322926,
      "rev_growth_yoy_accel": 0.7891393112764358,
      "fcf_margin_change": -1.2069765386823332
    },
    {
      "date": "2025-06-30T00:00:00",
      "quarter_label": "2025-06 (Q2)",
      "revenue": 715839000,
      "gross_profit": null,
      "operating_income": 370125000,
      "net_income": 258848000,
      "opex": null,
      "cogs": null,
      "rd": null,
      "sga": null,
      "fcf": 257692000,
      "ocf": 270914000,
      "capex": -13222000,
      "gross_margin": null,
      "op_margin": 0.517050621718012,
      "fcf_margin": 0.35998597449985265,
      "incr_op_margin_yoy": 0.8054897080320809,
      "rev_growth_yoy": 0.1647328728674981,
      "rev_growth_yoy_accel": 0.10820993450217517,
      "fcf_margin_change": 0.23714368493603435
    },
    {
      "date": "2025-09-30T00:00:00",
      "quarter_label": "2025-09 (Q3)",
      "revenue": 732573000,
      "gross_profit": null,
      "operating_income": 375904000,
      "net_income": 261217000,
      "opex": null,
      "cogs": null,
      "rd": null,
      "sga": null,
      "fcf": 362505000,
      "ocf": 374720000,
      "capex": -12215000,
      "gross_margin": null,
      "op_margin": 0.5131283844749943,
      "fcf_margin": 0.49483805709465134,
      "incr_op_margin_yoy": 0.9092278896749815,
      "rev_growth_yoy": 0.13117024693340582,
      "rev_growth_yoy_accel": -0.03356262593409229,
      "fcf_margin_change": 0.1348520825947987
    }
  ],
  "signals": [
    {
      "quarter": "2025-09 (Q3)",
      "signal": "FCF MARGIN EXPANSION",
      "detail": "FCF margin: +36.0% -> +49.5% (+13.5%)",
      "severity": "MEDIUM"
    },
    {
      "quarter": "2025-09 (Q3)",
      "signal": "INCREMENTAL MARGIN (YoY)",
      "detail": "YoY Incr OPM: +90.9% vs year-ago OPM: +46.1%",
      "severity": "HIGH"
    },
    {
      "quarter": "2025-06 (Q2)",
      "signal": "FCF MARGIN EXPANSION",
      "detail": "FCF margin: +12.3% -> +36.0% (+23.7%)",
      "severity": "MEDIUM"
    },
    {
      "quarter": "2025-06 (Q2)",
      "signal": "YoY REVENUE GROWTH ACCELERATION",
      "detail": "YoY growth: +16.5% vs prior quarter YoY: +5.7% (accel: +10.8%)",
      "severity": "MEDIUM"
    },
    {
      "quarter": "2025-06 (Q2)",
      "signal": "INCREMENTAL MARGIN (YoY)",
      "detail": "YoY Incr OPM: +80.5% vs year-ago OPM: +47.0%",
      "severity": "HIGH"
    },
    {
      "quarter": "2025-03 (Q1)",
      "signal": "YoY REVENUE GROWTH ACCELERATION",
      "detail": "YoY growth: +5.7% vs prior quarter YoY: -73.3% (accel: +78.9%)",
      "severity": "HIGH"
    },
    {
      "quarter": "2025-03 (Q1)",
      "signal": "INCREMENTAL MARGIN (YoY)",
      "detail": "YoY Incr OPM: +79.5% vs year-ago OPM: +49.6%",
      "severity": "HIGH"
    },
    {
      "quarter": "2024-12 (Q4)",
      "signal": "FCF MARGIN EXPANSION",
      "detail": "FCF margin: +5.4% -> +133.0% (+127.5%)",
      "severity": "MEDIUM"
    },
    {
      "quarter": "2024-12 (Q4)",
      "signal": "YoY REVENUE GROWTH DECELERATION",
      "detail": "YoY growth: -73.3% vs prior quarter YoY: +1009.1% (decel: -1082.4%)",
      "severity": "WARNING"
    },
    {
      "quarter": "2024-09 (Q3)",
      "signal": "YoY REVENUE GROWTH ACCELERATION",
      "detail": "YoY growth: +1009.1% vs prior quarter YoY: +899.5% (accel: +109.6%)",
      "severity": "HIGH"
    },
    {
      "quarter": "2024-06 (Q2)",
      "signal": "YoY REVENUE GROWTH DECELERATION",
      "detail": "YoY growth: +899.5% vs prior quarter YoY: +1017.1% (decel: -117.6%)",
      "severity": "WARNING"
    },
    {
      "quarter": "2024-03 (Q1)",
      "signal": "FCF MARGIN EXPANSION",
      "detail": "FCF margin: +3.3% -> +35.8% (+32.5%)",
      "severity": "MEDIUM"
    },
    {
      "quarter": "2024-03 (Q1)",
      "signal": "YoY REVENUE GROWTH ACCELERATION",
      "detail": "YoY growth: +1017.1% vs prior quarter YoY: +8.9% (accel: +1008.2%)",
      "severity": "HIGH"
    },
    {
      "quarter": "2023-12 (Q4)",
      "signal": "YoY REVENUE GROWTH ACCELERATION",
      "detail": "YoY growth: +8.9% vs prior quarter YoY: -16.7% (accel: +25.6%)",
      "severity": "HIGH"
    },
    {
      "quarter": "2023-09 (Q3)",
      "signal": "FCF MARGIN EXPANSION",
      "detail": "FCF margin: +390.3% -> +707.0% (+316.7%)",
      "severity": "MEDIUM"
    },
    {
      "quarter": "2023-06 (Q2)",
      "signal": "FCF MARGIN EXPANSION",
      "detail": "FCF margin: +341.6% -> +390.3% (+48.7%)",
      "severity": "MEDIUM"
    },
    {
      "quarter": "2023-03 (Q1)",
      "signal": "FCF MARGIN EXPANSION",
      "detail": "FCF margin: +11.7% -> +341.6% (+329.9%)",
      "severity": "MEDIUM"
    },
    {
      "quarter": "2023-03 (Q1)",
      "signal": "YoY REVENUE GROWTH DECELERATION",
      "detail": "YoY growth: -8.3% vs prior quarter YoY: +4175.2% (decel: -4183.5%)",
      "severity": "WARNING"
    },
    {
      "quarter": "2022-12 (Q4)",
      "signal": "YoY REVENUE GROWTH ACCELERATION",
      "detail": "YoY growth: +4175.2% vs prior quarter YoY: +32.9% (accel: +4142.3%)",
      "severity": "HIGH"
    },
    {
      "quarter": "2022-09 (Q3)",
      "signal": "INCREMENTAL MARGIN (YoY)",
      "detail": "YoY Incr OPM: +1160.0% vs year-ago OPM: +252.6%",
      "severity": "HIGH"
    },
    {
      "quarter": "2022-06 (Q2)",
      "signal": "FCF MARGIN EXPANSION",
      "detail": "FCF margin: +323.4% -> +592.5% (+269.2%)",
      "severity": "MEDIUM"
    },
    {
      "quarter": "2022-06 (Q2)",
      "signal": "YoY REVENUE GROWTH ACCELERATION",
      "detail": "YoY growth: +30.3% vs prior quarter YoY: +24.3% (accel: +6.0%)",
      "severity": "MEDIUM"
    },
    {
      "quarter": "2022-06 (Q2)",
      "signal": "INCREMENTAL MARGIN (YoY)",
      "detail": "YoY Incr OPM: +870.3% vs year-ago OPM: +196.6%",
      "severity": "HIGH"
    },
    {
      "quarter": "2022-03 (Q1)",
      "signal": "YoY REVENUE GROWTH ACCELERATION",
      "detail": "YoY growth: +24.3% vs prior quarter YoY: +8.5% (accel: +15.7%)",
      "severity": "HIGH"
    },
    {
      "quarter": "2021-12 (Q4)",
      "signal": "FCF MARGIN EXPANSION",
      "detail": "FCF margin: +279.0% -> +412.7% (+133.8%)",
      "severity": "MEDIUM"
    },
    {
      "quarter": "2021-12 (Q4)",
      "signal": "INCREMENTAL MARGIN (YoY)",
      "detail": "YoY Incr OPM: +1266.0% vs year-ago OPM: +151.7%",
      "severity": "HIGH"
    },
    {
      "quarter": "2021-09 (Q3)",
      "signal": "FCF MARGIN EXPANSION",
      "detail": "FCF margin: +148.9% -> +279.0% (+130.0%)",
      "severity": "MEDIUM"
    }
  ],
  "data_quality": {
    "n_quarters": 20,
    "coverage": {
      "revenue": [
        20,
        20
      ],
      "gross_profit": [
        0,
        20
      ],
      "op_income": [
        20,
        20
      ],
      "fcf": [
        20,
        20
      ]
    },
    "gaps": [],
    "warnings": [
      "gross_profit: no data"
    ]
  },
  "market_cap": null,
  "source": "SEC EDGAR",
  "last_updated": "2026-02-03T00:55:48.210829"
}