{
  "ticker": "WBTN",
  "name": "WEBTOON Entertainment Inc.",
  "quarters": [
    {
      "date": "2023-06-30T00:00:00",
      "quarter_label": "2023-06 (Q2)",
      "revenue": 320663000,
      "gross_profit": 81145000,
      "operating_income": -5466000,
      "net_income": -20118000,
      "opex": 86611000,
      "cogs": 239518000,
      "rd": null,
      "sga": null,
      "fcf": null,
      "ocf": null,
      "capex": null,
      "gross_margin": 0.2530538290978379,
      "op_margin": -0.017045932957653363,
      "fcf_margin": null
    },
    {
      "date": "2023-09-30T00:00:00",
      "quarter_label": "2023-09 (Q3)",
      "revenue": 317764000,
      "gross_profit": 72098000,
      "operating_income": -6747000,
      "net_income": -11175000,
      "opex": 78845000,
      "cogs": 245666000,
      "rd": null,
      "sga": null,
      "fcf": 47671000,
      "ocf": 48182000,
      "capex": -511000,
      "gross_margin": 0.2268916554424038,
      "op_margin": -0.021232738762100176,
      "fcf_margin": 0.15002014073337444
    },
    {
      "date": "2023-12-31T00:00:00",
      "quarter_label": "2023-12 (Q4)",
      "revenue": 334064000,
      "gross_profit": 76397000,
      "operating_income": -4382000,
      "net_income": -67601000,
      "opex": 80779000,
      "cogs": 257667000,
      "rd": null,
      "sga": null,
      "fcf": 6923000,
      "ocf": 7285000,
      "capex": -362000,
      "gross_margin": 0.2286897121509651,
      "op_margin": -0.013117246994587864,
      "fcf_margin": 0.02072357392595431,
      "op_leverage_ratio": 2.0912242117546094,
      "fcf_margin_change": -0.12929656680742013
    },
    {
      "date": "2024-03-31T00:00:00",
      "quarter_label": "2024-03 (Q1)",
      "revenue": 326744000,
      "gross_profit": 82359000,
      "operating_income": 14188000,
      "net_income": 6192000,
      "opex": 68171000,
      "cogs": 244385000,
      "rd": null,
      "sga": null,
      "fcf": 23384000,
      "ocf": 23856000,
      "capex": -472000,
      "gross_margin": 0.2520597164752834,
      "op_margin": 0.04342237347893152,
      "fcf_margin": 0.07156673114119923,
      "fcf_margin_change": 0.05084315721524492
    },
    {
      "date": "2024-06-30T00:00:00",
      "quarter_label": "2024-06 (Q2)",
      "revenue": 320972000,
      "gross_profit": 83057000,
      "operating_income": -79096000,
      "net_income": -76885000,
      "opex": 162153000,
      "cogs": 237915000,
      "rd": null,
      "sga": null,
      "fcf": -1669000,
      "ocf": -1462000,
      "capex": -207000,
      "gross_margin": 0.2587671198733846,
      "op_margin": -0.24642647956831126,
      "fcf_margin": -0.00519983051481126,
      "rev_growth_yoy": 0.0009636284822383624,
      "fcf_margin_change": -0.07676656165601049
    },
    {
      "date": "2024-09-30T00:00:00",
      "quarter_label": "2024-09 (Q3)",
      "revenue": 347915000,
      "gross_profit": 91381000,
      "operating_income": -8085000,
      "net_income": 19753000,
      "opex": 99466000,
      "cogs": 256534000,
      "rd": null,
      "sga": null,
      "fcf": 3511000,
      "ocf": 4145000,
      "capex": -634000,
      "gross_margin": 0.2626532342669905,
      "op_margin": -0.023238434675136168,
      "fcf_margin": 0.010091545348720234,
      "incr_op_margin_yoy": -0.04437663759079301,
      "rev_growth_yoy": 0.09488488312080663,
      "rev_growth_yoy_accel": 0.09392125463856826,
      "op_leverage_ratio": Infinity,
      "fcf_margin_change": 0.015291375863531494
    },
    {
      "date": "2024-12-31T00:00:00",
      "quarter_label": "2024-12 (Q4)",
      "revenue": 352847000,
      "gross_profit": 82271000,
      "operating_income": -27706000,
      "net_income": -92965000,
      "opex": 109977000,
      "cogs": 270576000,
      "rd": null,
      "sga": null,
      "fcf": -9747000,
      "ocf": -8656000,
      "capex": -1091000,
      "gross_margin": 0.23316338242921153,
      "op_margin": -0.07852128542966215,
      "fcf_margin": -0.02762387096957038,
      "incr_op_margin_yoy": -1.2417611670127242,
      "rev_growth_yoy": 0.05622575314909718,
      "rev_growth_yoy_accel": -0.03865912997170945,
      "op_leverage_ratio": 0.13414686625654731,
      "fcf_margin_change": -0.03771541631829062
    },
    {
      "date": "2025-03-31T00:00:00",
      "quarter_label": "2025-03 (Q1)",
      "revenue": 325707000,
      "gross_profit": 71611000,
      "operating_income": -26634000,
      "net_income": -22389000,
      "opex": 98245000,
      "cogs": 254096000,
      "rd": null,
      "sga": null,
      "fcf": -19188000,
      "ocf": -18652000,
      "capex": -536000,
      "gross_margin": 0.219863251327113,
      "op_margin": -0.08177288176182888,
      "fcf_margin": -0.05891184408072286,
      "incr_op_margin_yoy": 39.365477338476374,
      "rev_growth_yoy": -0.0031737384619151383,
      "rev_growth_yoy_accel": -0.05939949161101232,
      "fcf_margin_change": -0.03128797311115247
    },
    {
      "date": "2025-06-30T00:00:00",
      "quarter_label": "2025-06 (Q2)",
      "revenue": 348271000,
      "gross_profit": 87279000,
      "operating_income": -8763000,
      "net_income": -4326000,
      "opex": 96042000,
      "cogs": 260992000,
      "rd": null,
      "sga": null,
      "fcf": 3940000,
      "ocf": 5701000,
      "capex": -1761000,
      "gross_margin": 0.2506065678738683,
      "op_margin": -0.02516144037258342,
      "fcf_margin": 0.011313029221497052,
      "incr_op_margin_yoy": 2.5763947397340563,
      "rev_growth_yoy": 0.08505103248881522,
      "rev_growth_yoy_accel": 0.08822477095073036,
      "op_leverage_ratio": Infinity,
      "fcf_margin_change": 0.07022487330221991
    },
    {
      "date": "2025-09-30T00:00:00",
      "quarter_label": "2025-09 (Q3)",
      "revenue": 378041000,
      "gross_profit": 82774000,
      "operating_income": -14878000,
      "net_income": -11647000,
      "opex": 97652000,
      "cogs": 295267000,
      "rd": null,
      "sga": null,
      "fcf": 11842000,
      "ocf": 16529000,
      "capex": -4687000,
      "gross_margin": 0.21895508688211068,
      "op_margin": -0.039355519639404195,
      "fcf_margin": 0.03132464468139699,
      "incr_op_margin_yoy": -0.22548629091150502,
      "rev_growth_yoy": 0.08659011540175043,
      "rev_growth_yoy_accel": 0.0015390829129352107,
      "op_leverage_ratio": 5.099138885401782,
      "fcf_margin_change": 0.02001161545989994
    }
  ],
  "signals": [
    {
      "quarter": "2025-09 (Q3)",
      "signal": "OPERATING LEVERAGE",
      "detail": "Rev growth +8.5% vs OpEx growth +1.7% (leverage: 5.1x)",
      "severity": "MEDIUM"
    },
    {
      "quarter": "2025-06 (Q2)",
      "signal": "FCF TURNED POSITIVE",
      "detail": "FCF margin: -5.9% -> +1.1%",
      "severity": "HIGH"
    },
    {
      "quarter": "2025-06 (Q2)",
      "signal": "GROSS MARGIN INFLECTION",
      "detail": "GM: +23.3% -> +22.0% -> +25.1% (reversal +3.1%)",
      "severity": "MEDIUM"
    },
    {
      "quarter": "2025-06 (Q2)",
      "signal": "YoY REVENUE GROWTH ACCELERATION",
      "detail": "YoY growth: +8.5% vs prior quarter YoY: -0.3% (accel: +8.8%)",
      "severity": "MEDIUM"
    },
    {
      "quarter": "2025-03 (Q1)",
      "signal": "YoY REVENUE GROWTH DECELERATION",
      "detail": "YoY growth: -0.3% vs prior quarter YoY: +5.6% (decel: -5.9%)",
      "severity": "WARNING"
    },
    {
      "quarter": "2024-09 (Q3)",
      "signal": "FCF TURNED POSITIVE",
      "detail": "FCF margin: -0.5% -> +1.0%",
      "severity": "HIGH"
    },
    {
      "quarter": "2024-09 (Q3)",
      "signal": "YoY REVENUE GROWTH ACCELERATION",
      "detail": "YoY growth: +9.5% vs prior quarter YoY: +0.1% (accel: +9.4%)",
      "severity": "MEDIUM"
    },
    {
      "quarter": "2024-03 (Q1)",
      "signal": "FCF MARGIN EXPANSION",
      "detail": "FCF margin: +2.1% -> +7.2% (+5.1%)",
      "severity": "MEDIUM"
    },
    {
      "quarter": "2024-03 (Q1)",
      "signal": "OP MARGIN TURNED POSITIVE (QoQ)",
      "detail": "Op margin: -1.3% -> +4.3%",
      "severity": "HIGH"
    },
    {
      "quarter": "2023-12 (Q4)",
      "signal": "OPERATING LEVERAGE",
      "detail": "Rev growth +5.1% vs OpEx growth +2.5% (leverage: 2.1x)",
      "severity": "MEDIUM"
    }
  ],
  "data_quality": {
    "n_quarters": 10,
    "coverage": {
      "revenue": [
        10,
        10
      ],
      "gross_profit": [
        10,
        10
      ],
      "op_income": [
        10,
        10
      ],
      "fcf": [
        9,
        10
      ]
    },
    "gaps": [],
    "warnings": []
  },
  "market_cap": null,
  "source": "SEC EDGAR",
  "last_updated": "2026-02-02T21:43:11.418882"
}