{
  "ticker": "WCC",
  "name": "WESCO International, Inc.",
  "sector": "Industrials",
  "industry": "Industrial Distribution",
  "quarters": [
    {
      "date": "2021-03-31T00:00:00",
      "quarter_label": "2021-03 (Q1)",
      "revenue": 4041477000,
      "gross_profit": 811036000,
      "operating_income": 133251000,
      "net_income": 59178000,
      "opex": 677785000,
      "cogs": 3230441000,
      "rd": null,
      "sga": 636576000,
      "fcf": 120490000,
      "ocf": 120490000,
      "capex": null,
      "gross_margin": 0.20067811842056754,
      "op_margin": 0.032970866839029396,
      "fcf_margin": 0.02981335783922561
    },
    {
      "date": "2021-06-30T00:00:00",
      "quarter_label": "2021-06 (Q2)",
      "revenue": 4595790000,
      "gross_profit": 965157000,
      "operating_income": 218872000,
      "net_income": 119195000,
      "opex": 746285000,
      "cogs": 3630633000,
      "rd": null,
      "sga": 699581000,
      "fcf": -17695000,
      "ocf": -17695000,
      "capex": null,
      "gross_margin": 0.21000894296736797,
      "op_margin": 0.04762445629587079,
      "fcf_margin": -0.0038502629580550894,
      "op_leverage_ratio": 1.3571140108893012,
      "fcf_margin_change": -0.0336636207972807
    },
    {
      "date": "2021-09-30T00:00:00",
      "quarter_label": "2021-09 (Q3)",
      "revenue": 4728325000,
      "gross_profit": 1007993000,
      "operating_income": 229466000,
      "net_income": 119596000,
      "opex": 778527000,
      "cogs": 3720332000,
      "rd": null,
      "sga": 721795000,
      "fcf": 69875000,
      "ocf": 69875000,
      "capex": null,
      "gross_margin": 0.2131818350049965,
      "op_margin": 0.04853008200578429,
      "fcf_margin": 0.01477796048283483,
      "op_leverage_ratio": 0.6675028826067514,
      "fcf_margin_change": 0.01862822344088992
    },
    {
      "date": "2021-12-31T00:00:00",
      "quarter_label": "2021-12 (Q4)",
      "revenue": 4851920000,
      "gross_profit": 1007882000,
      "operating_income": 220284000,
      "net_income": 167413000,
      "opex": 787598000,
      "cogs": 3844038000,
      "rd": null,
      "sga": 733689000,
      "fcf": -105570000,
      "ocf": -105570000,
      "capex": null,
      "gross_margin": 0.2077284868670547,
      "op_margin": 0.04540140810235948,
      "fcf_margin": -0.021758396675955086,
      "op_leverage_ratio": 2.243427782156061,
      "fcf_margin_change": -0.03653635715878992
    },
    {
      "date": "2022-03-31T00:00:00",
      "quarter_label": "2022-03 (Q1)",
      "revenue": 4932181000,
      "gross_profit": 1049107000,
      "operating_income": 284029000,
      "net_income": 181243000,
      "opex": 765078000,
      "cogs": 3883074000,
      "rd": null,
      "sga": 718098000,
      "fcf": -172000000,
      "ocf": -172000000,
      "capex": null,
      "gross_margin": 0.2127065085405422,
      "op_margin": 0.057586897155639666,
      "fcf_margin": -0.034873010540367434,
      "incr_op_margin_yoy": 0.1692795810954032,
      "rev_growth_yoy": 0.220390713593075,
      "op_leverage_ratio": null,
      "fcf_margin_change": -0.013114613864412348
    },
    {
      "date": "2022-06-30T00:00:00",
      "quarter_label": "2022-06 (Q2)",
      "revenue": 5483525000,
      "gross_profit": 1189439000,
      "operating_income": 370709000,
      "net_income": 220706000,
      "opex": 818730000,
      "cogs": 4294086000,
      "rd": null,
      "sga": 772864000,
      "fcf": -132500000,
      "ocf": -132500000,
      "capex": null,
      "gross_margin": 0.21691138455646686,
      "op_margin": 0.06760414149657383,
      "fcf_margin": -0.02416328912515216,
      "incr_op_margin_yoy": 0.1710386545534422,
      "rev_growth_yoy": 0.1931626553867779,
      "rev_growth_yoy_accel": -0.02722805820629709,
      "op_leverage_ratio": 1.5940555248527122,
      "fcf_margin_change": 0.010709721415215274
    },
    {
      "date": "2022-09-30T00:00:00",
      "quarter_label": "2022-09 (Q3)",
      "revenue": 5445916000,
      "gross_profit": 1204515000,
      "operating_income": 401592000,
      "net_income": 239602000,
      "opex": 802923000,
      "cogs": 4241401000,
      "rd": null,
      "sga": 760200000,
      "fcf": -106100000,
      "ocf": -106100000,
      "capex": null,
      "gross_margin": 0.22117766781566223,
      "op_margin": 0.07374186454583581,
      "fcf_margin": -0.019482489263514164,
      "incr_op_margin_yoy": 0.2398664420261681,
      "rev_growth_yoy": 0.15176431400125837,
      "rev_growth_yoy_accel": -0.04139834138551954,
      "fcf_margin_change": 0.0046807998616379964
    },
    {
      "date": "2022-12-31T00:00:00",
      "quarter_label": "2022-12 (Q4)",
      "revenue": 5558494000,
      "gross_profit": 1218261000,
      "operating_income": 381755000,
      "net_income": 218920000,
      "opex": 836506000,
      "cogs": 4340233000,
      "rd": null,
      "sga": 793061000,
      "fcf": 421600000,
      "ocf": 421600000,
      "capex": null,
      "gross_margin": 0.21917105604503667,
      "op_margin": 0.06867957399972006,
      "fcf_margin": 0.07584788253796802,
      "incr_op_margin_yoy": 0.22852666528912755,
      "rev_growth_yoy": 0.14562771026727564,
      "rev_growth_yoy_accel": -0.006136603733982726,
      "op_leverage_ratio": 0.4942389858115868,
      "fcf_margin_change": 0.09533037180148218
    },
    {
      "date": "2023-03-31T00:00:00",
      "quarter_label": "2023-03 (Q1)",
      "revenue": 5521900000,
      "gross_profit": 1208500000,
      "operating_income": 346400000,
      "net_income": 197100000,
      "opex": 862100000,
      "cogs": 4313400000,
      "rd": null,
      "sga": 817700000,
      "fcf": -255400000,
      "ocf": -255400000,
      "capex": null,
      "gross_margin": 0.21885582860971767,
      "op_margin": 0.06273203064162698,
      "fcf_margin": -0.04625219580216954,
      "incr_op_margin_yoy": 0.10576393163523644,
      "rev_growth_yoy": 0.11956556338869154,
      "rev_growth_yoy_accel": -0.026062146878584103,
      "fcf_margin_change": -0.12210007834013756
    },
    {
      "date": "2023-06-30T00:00:00",
      "quarter_label": "2023-06 (Q2)",
      "revenue": 5745500000,
      "gross_profit": 1242400000,
      "operating_income": 363800000,
      "net_income": 193100000,
      "opex": 878600000,
      "cogs": 4503100000,
      "rd": null,
      "sga": 831700000,
      "fcf": 317600000,
      "ocf": 317600000,
      "capex": null,
      "gross_margin": 0.2162387955791489,
      "op_margin": 0.06331911931076495,
      "fcf_margin": 0.05527804368636324,
      "incr_op_margin_yoy": -0.026372745490981963,
      "rev_growth_yoy": 0.04777492580046594,
      "rev_growth_yoy_accel": -0.0717906375882256,
      "op_leverage_ratio": 2.1157140136766714,
      "fcf_margin_change": 0.10153023948853279
    },
    {
      "date": "2023-09-30T00:00:00",
      "quarter_label": "2023-09 (Q3)",
      "revenue": 5644400000,
      "gross_profit": 1222000000,
      "operating_income": 380500000,
      "net_income": 233400000,
      "opex": 841500000,
      "cogs": 4422400000,
      "rd": null,
      "sga": 796400000,
      "fcf": 361700000,
      "ocf": 361700000,
      "capex": null,
      "gross_margin": 0.21649776769895826,
      "op_margin": 0.06741194812557579,
      "fcf_margin": 0.06408121323789952,
      "incr_op_margin_yoy": -0.10626549243263941,
      "rev_growth_yoy": 0.036446393958335016,
      "rev_growth_yoy_accel": -0.011328531842130923,
      "fcf_margin_change": 0.008803169551536275
    },
    {
      "date": "2023-12-31T00:00:00",
      "quarter_label": "2023-12 (Q4)",
      "revenue": 5473400000,
      "gross_profit": 1170800000,
      "operating_income": 315700000,
      "net_income": 141900000,
      "opex": 855100000,
      "cogs": 4302600000,
      "rd": null,
      "sga": 810200000,
      "fcf": 69300000,
      "ocf": 69300000,
      "capex": null,
      "gross_margin": 0.2139072605692988,
      "op_margin": 0.05767895640735192,
      "fcf_margin": 0.012661234333321154,
      "incr_op_margin_yoy": 0.7762591957129762,
      "rev_growth_yoy": -0.015308822857414256,
      "rev_growth_yoy_accel": -0.05175521681574927,
      "fcf_margin_change": -0.05141997890457836
    },
    {
      "date": "2024-03-31T00:00:00",
      "quarter_label": "2024-03 (Q1)",
      "revenue": 5350000000,
      "gross_profit": 1137900000,
      "operating_income": 263000000,
      "net_income": 115800000,
      "opex": 874900000,
      "cogs": 4212100000,
      "rd": null,
      "sga": 829400000,
      "fcf": 746300000,
      "ocf": 746300000,
      "capex": null,
      "gross_margin": 0.21269158878504674,
      "op_margin": 0.0491588785046729,
      "fcf_margin": 0.13949532710280374,
      "incr_op_margin_yoy": 0.4851657940663176,
      "rev_growth_yoy": -0.03113058910882124,
      "rev_growth_yoy_accel": -0.015821766251406987,
      "fcf_margin_change": 0.1268340927694826
    },
    {
      "date": "2024-06-30T00:00:00",
      "quarter_label": "2024-06 (Q2)",
      "revenue": 5479700000,
      "gross_profit": 1198000000,
      "operating_income": 323500000,
      "net_income": 232100000,
      "opex": 874500000,
      "cogs": 4281700000,
      "rd": null,
      "sga": 828400000,
      "fcf": -223800000,
      "ocf": -223800000,
      "capex": null,
      "gross_margin": 0.21862510721389858,
      "op_margin": 0.05903607861744256,
      "fcf_margin": -0.04084165191525083,
      "incr_op_margin_yoy": 0.15161775771256583,
      "rev_growth_yoy": -0.04626229222870072,
      "rev_growth_yoy_accel": -0.015131703119879481,
      "op_leverage_ratio": null,
      "fcf_margin_change": -0.18033697901805457
    },
    {
      "date": "2024-09-30T00:00:00",
      "quarter_label": "2024-09 (Q3)",
      "revenue": 5489400000,
      "gross_profit": 1212700000,
      "operating_income": 335600000,
      "net_income": 204300000,
      "opex": 877100000,
      "cogs": 4276700000,
      "rd": null,
      "sga": 831100000,
      "fcf": 302100000,
      "ocf": 302100000,
      "capex": null,
      "gross_margin": 0.22091667577513024,
      "op_margin": 0.061136007578241704,
      "fcf_margin": 0.05503333697671877,
      "incr_op_margin_yoy": 0.2896774193548387,
      "rev_growth_yoy": -0.02746084614839487,
      "rev_growth_yoy_accel": 0.01880144608030585,
      "fcf_margin_change": 0.0958749888919696
    },
    {
      "date": "2024-12-31T00:00:00",
      "quarter_label": "2024-12 (Q4)",
      "revenue": 5499700000,
      "gross_profit": 1164000000,
      "operating_income": 301100000,
      "net_income": 165400000,
      "opex": 862900000,
      "cogs": 4335700000,
      "rd": null,
      "sga": 817300000,
      "fcf": 276600000,
      "ocf": 276600000,
      "capex": null,
      "gross_margin": 0.21164790806771278,
      "op_margin": 0.054748440824044946,
      "fcf_margin": 0.050293652381038965,
      "incr_op_margin_yoy": -0.5551330798479087,
      "rev_growth_yoy": 0.004805057185661563,
      "rev_growth_yoy_accel": 0.032265903334056434,
      "fcf_margin_change": -0.004739684595679805
    },
    {
      "date": "2025-03-31T00:00:00",
      "quarter_label": "2025-03 (Q1)",
      "revenue": 5343700000,
      "gross_profit": 1125600000,
      "operating_income": 240900000,
      "net_income": 118400000,
      "opex": 884700000,
      "cogs": 4218100000,
      "rd": null,
      "sga": 836300000,
      "fcf": 28000000,
      "ocf": 28000000,
      "capex": null,
      "gross_margin": 0.21064056739712184,
      "op_margin": 0.04508112356606846,
      "fcf_margin": 0.0052398151093811405,
      "incr_op_margin_yoy": 3.507936507936508,
      "rev_growth_yoy": -0.0011775700934579438,
      "rev_growth_yoy_accel": -0.005982627279119507,
      "fcf_margin_change": -0.04505383727165783
    },
    {
      "date": "2025-06-30T00:00:00",
      "quarter_label": "2025-06 (Q2)",
      "revenue": 5899600000,
      "gross_profit": 1242700000,
      "operating_income": 322200000,
      "net_income": 174500000,
      "opex": 920500000,
      "cogs": 4656900000,
      "rd": null,
      "sga": 872200000,
      "fcf": 107800000,
      "ocf": 107800000,
      "capex": null,
      "gross_margin": 0.21064139941690962,
      "op_margin": 0.05461387212692386,
      "fcf_margin": 0.018272425249169437,
      "incr_op_margin_yoy": -0.0030959752321981426,
      "rev_growth_yoy": 0.0766282825702137,
      "rev_growth_yoy_accel": 0.07780585266367164,
      "op_leverage_ratio": 2.570795944851469,
      "fcf_margin_change": 0.013032610139788296
    },
    {
      "date": "2025-09-30T00:00:00",
      "quarter_label": "2025-09 (Q3)",
      "revenue": 6199100000,
      "gross_profit": 1317400000,
      "operating_income": 345400000,
      "net_income": 187500000,
      "opex": 972000000,
      "cogs": 4881700000,
      "rd": null,
      "sga": 922900000,
      "fcf": -82700000,
      "ocf": -82700000,
      "capex": null,
      "gross_margin": 0.21251471987869205,
      "op_margin": 0.05571776548208611,
      "fcf_margin": -0.013340646222838799,
      "incr_op_margin_yoy": 0.013808651542905453,
      "rev_growth_yoy": 0.1292855321164426,
      "rev_growth_yoy_accel": 0.052657249546228885,
      "op_leverage_ratio": 0.9073833868611793,
      "fcf_margin_change": -0.03161307147200824
    },
    {
      "date": "2025-12-31T00:00:00",
      "quarter_label": "2025-12 (Q4)",
      "revenue": 6068500000,
      "gross_profit": 1286300000,
      "operating_income": 324500000,
      "net_income": 159900000,
      "opex": 961800000,
      "cogs": 4782200000,
      "rd": null,
      "sga": 910000000,
      "fcf": 71900000,
      "ocf": 71900000,
      "capex": null,
      "gross_margin": 0.21196341764851281,
      "op_margin": 0.053472851610776966,
      "fcf_margin": 0.011848067891571229,
      "incr_op_margin_yoy": 0.04113924050632911,
      "rev_growth_yoy": 0.1034238231176246,
      "rev_growth_yoy_accel": -0.025861708998817984,
      "fcf_margin_change": 0.025188714114410028
    }
  ],
  "signals": [
    {
      "quarter": "2025-12 (Q4)",
      "signal": "FCF TURNED POSITIVE",
      "detail": "FCF margin: -1.3% -> +1.2%",
      "severity": "HIGH"
    },
    {
      "quarter": "2025-09 (Q3)",
      "signal": "YoY REVENUE GROWTH ACCELERATION",
      "detail": "YoY growth: +12.9% vs prior quarter YoY: +7.7% (accel: +5.3%)",
      "severity": "MEDIUM"
    },
    {
      "quarter": "2025-06 (Q2)",
      "signal": "OPERATING LEVERAGE",
      "detail": "Rev growth +10.4% vs OpEx growth +4.0% (leverage: 2.6x)",
      "severity": "MEDIUM"
    },
    {
      "quarter": "2025-06 (Q2)",
      "signal": "YoY REVENUE GROWTH ACCELERATION",
      "detail": "YoY growth: +7.7% vs prior quarter YoY: -0.1% (accel: +7.8%)",
      "severity": "MEDIUM"
    },
    {
      "quarter": "2025-03 (Q1)",
      "signal": "INCREMENTAL MARGIN (YoY)",
      "detail": "YoY Incr OPM: +350.8% vs year-ago OPM: +4.9%",
      "severity": "HIGH"
    },
    {
      "quarter": "2024-09 (Q3)",
      "signal": "FCF TURNED POSITIVE",
      "detail": "FCF margin: -4.1% -> +5.5%",
      "severity": "HIGH"
    },
    {
      "quarter": "2024-09 (Q3)",
      "signal": "INCREMENTAL MARGIN (YoY)",
      "detail": "YoY Incr OPM: +29.0% vs year-ago OPM: +6.7%",
      "severity": "HIGH"
    },
    {
      "quarter": "2024-03 (Q1)",
      "signal": "FCF MARGIN EXPANSION",
      "detail": "FCF margin: +1.3% -> +13.9% (+12.7%)",
      "severity": "MEDIUM"
    },
    {
      "quarter": "2024-03 (Q1)",
      "signal": "INCREMENTAL MARGIN (YoY)",
      "detail": "YoY Incr OPM: +48.5% vs year-ago OPM: +6.3%",
      "severity": "HIGH"
    },
    {
      "quarter": "2023-12 (Q4)",
      "signal": "YoY REVENUE GROWTH DECELERATION",
      "detail": "YoY growth: -1.5% vs prior quarter YoY: +3.6% (decel: -5.2%)",
      "severity": "WARNING"
    },
    {
      "quarter": "2023-12 (Q4)",
      "signal": "INCREMENTAL MARGIN (YoY)",
      "detail": "YoY Incr OPM: +77.6% vs year-ago OPM: +6.9%",
      "severity": "HIGH"
    },
    {
      "quarter": "2023-06 (Q2)",
      "signal": "FCF TURNED POSITIVE",
      "detail": "FCF margin: -4.6% -> +5.5%",
      "severity": "HIGH"
    },
    {
      "quarter": "2023-06 (Q2)",
      "signal": "OPERATING LEVERAGE",
      "detail": "Rev growth +4.0% vs OpEx growth +1.9% (leverage: 2.1x)",
      "severity": "MEDIUM"
    },
    {
      "quarter": "2023-06 (Q2)",
      "signal": "YoY REVENUE GROWTH DECELERATION",
      "detail": "YoY growth: +4.8% vs prior quarter YoY: +12.0% (decel: -7.2%)",
      "severity": "WARNING"
    },
    {
      "quarter": "2022-12 (Q4)",
      "signal": "FCF TURNED POSITIVE",
      "detail": "FCF margin: -1.9% -> +7.6%",
      "severity": "HIGH"
    },
    {
      "quarter": "2022-12 (Q4)",
      "signal": "INCREMENTAL MARGIN (YoY)",
      "detail": "YoY Incr OPM: +22.9% vs year-ago OPM: +4.5%",
      "severity": "MEDIUM"
    },
    {
      "quarter": "2022-09 (Q3)",
      "signal": "INCREMENTAL MARGIN (YoY)",
      "detail": "YoY Incr OPM: +24.0% vs year-ago OPM: +4.9%",
      "severity": "MEDIUM"
    },
    {
      "quarter": "2022-06 (Q2)",
      "signal": "OPERATING LEVERAGE",
      "detail": "Rev growth +11.2% vs OpEx growth +7.0% (leverage: 1.6x)",
      "severity": "MEDIUM"
    },
    {
      "quarter": "2022-06 (Q2)",
      "signal": "INCREMENTAL MARGIN (YoY)",
      "detail": "YoY Incr OPM: +17.1% vs year-ago OPM: +4.8%",
      "severity": "MEDIUM"
    },
    {
      "quarter": "2022-03 (Q1)",
      "signal": "INCREMENTAL MARGIN (YoY)",
      "detail": "YoY Incr OPM: +16.9% vs year-ago OPM: +3.3%",
      "severity": "MEDIUM"
    },
    {
      "quarter": "2021-12 (Q4)",
      "signal": "OPERATING LEVERAGE",
      "detail": "Rev growth +2.6% vs OpEx growth +1.2% (leverage: 2.2x)",
      "severity": "MEDIUM"
    },
    {
      "quarter": "2021-09 (Q3)",
      "signal": "FCF TURNED POSITIVE",
      "detail": "FCF margin: -0.4% -> +1.5%",
      "severity": "HIGH"
    }
  ],
  "data_quality": {
    "n_quarters": 20,
    "coverage": {
      "revenue": [
        20,
        20
      ],
      "gross_profit": [
        20,
        20
      ],
      "op_income": [
        20,
        20
      ],
      "fcf": [
        20,
        20
      ]
    },
    "gaps": [],
    "warnings": []
  },
  "market_cap": null,
  "source": "SEC EDGAR",
  "last_updated": "2026-02-24T10:48:24.059049"
}