{
  "ticker": "WCN",
  "name": "WASTE CONNECTIONS,\u00a0INC.",
  "sector": "Industrials",
  "industry": "Waste Management",
  "quarters": [
    {
      "date": "2021-03-31T00:00:00",
      "quarter_label": "2021-03 (Q1)",
      "revenue": 1395942000,
      "gross_profit": 570022000,
      "operating_income": 238372000,
      "net_income": 160309000,
      "opex": 331650000,
      "cogs": 825920000,
      "rd": null,
      "sga": 141422000,
      "fcf": 303603000,
      "ocf": 400396000,
      "capex": -96793000,
      "gross_margin": 0.4083421804057762,
      "op_margin": 0.17076067630317018,
      "fcf_margin": 0.21748969513059999
    },
    {
      "date": "2021-06-30T00:00:00",
      "quarter_label": "2021-06 (Q2)",
      "revenue": 1533931000,
      "gross_profit": 632740000,
      "operating_income": 266788000,
      "net_income": 177047000,
      "opex": 365952000,
      "cogs": 901191000,
      "rd": null,
      "sga": 157943000,
      "fcf": 273483000,
      "ocf": 448082000,
      "capex": -174599000,
      "gross_margin": 0.412495738074268,
      "op_margin": 0.1739243812140181,
      "fcf_margin": 0.1782889843154614,
      "op_leverage_ratio": 0.9557353556531543,
      "fcf_margin_change": -0.039200710815138595
    },
    {
      "date": "2021-09-30T00:00:00",
      "quarter_label": "2021-09 (Q3)",
      "revenue": 1597168000,
      "gross_profit": 651070000,
      "operating_income": 285144000,
      "net_income": 114381000,
      "opex": 365926000,
      "cogs": 946098000,
      "rd": null,
      "sga": 155520000,
      "fcf": 213395000,
      "ocf": 421483000,
      "capex": -208088000,
      "gross_margin": 0.40764027328371216,
      "op_margin": 0.1785309998697695,
      "fcf_margin": 0.13360836180038668,
      "op_leverage_ratio": null,
      "fcf_margin_change": -0.04468062251507471
    },
    {
      "date": "2021-12-31T00:00:00",
      "quarter_label": "2021-12 (Q4)",
      "revenue": 1624319000,
      "gross_profit": 643454000,
      "operating_income": 249321000,
      "net_income": 166311000,
      "opex": 394133000,
      "cogs": 980865000,
      "rd": null,
      "sga": 157452000,
      "fcf": 163433000,
      "ocf": 428268000,
      "capex": -264835000,
      "gross_margin": 0.39613770447799973,
      "op_margin": 0.1534926329126237,
      "fcf_margin": 0.10061631982387696,
      "op_leverage_ratio": 0.22053199143694677,
      "fcf_margin_change": -0.03299204197650972
    },
    {
      "date": "2022-03-31T00:00:00",
      "quarter_label": "2022-03 (Q1)",
      "revenue": 1646255000,
      "gross_profit": 656737000,
      "operating_income": 273860000,
      "net_income": 180324000,
      "opex": 382877000,
      "cogs": 989518000,
      "rd": null,
      "sga": 163414000,
      "fcf": 288579000,
      "ocf": 440897000,
      "capex": -152318000,
      "gross_margin": 0.39892786961922666,
      "op_margin": 0.166353329222994,
      "fcf_margin": 0.17529422841540346,
      "incr_op_margin_yoy": 0.14177449832809322,
      "rev_growth_yoy": 0.17931475663028978,
      "op_leverage_ratio": null,
      "fcf_margin_change": 0.0746779085915265
    },
    {
      "date": "2022-06-30T00:00:00",
      "quarter_label": "2022-06 (Q2)",
      "revenue": 1816435000,
      "gross_profit": 728543000,
      "operating_income": 329590000,
      "net_income": 224074000,
      "opex": 398953000,
      "cogs": 1087892000,
      "rd": null,
      "sga": 168404000,
      "fcf": 313671000,
      "ocf": 532781000,
      "capex": -219110000,
      "gross_margin": 0.4010839914447806,
      "op_margin": 0.1814488269605023,
      "fcf_margin": 0.17268495707250742,
      "incr_op_margin_yoy": 0.22230481692294624,
      "rev_growth_yoy": 0.1841699528857556,
      "rev_growth_yoy_accel": 0.004855196255465821,
      "op_leverage_ratio": 2.4620263302208807,
      "fcf_margin_change": -0.0026092713428960412
    },
    {
      "date": "2022-09-30T00:00:00",
      "quarter_label": "2022-09 (Q3)",
      "revenue": 1879868000,
      "gross_profit": 759239000,
      "operating_income": 326768000,
      "net_income": 236912000,
      "opex": 432471000,
      "cogs": 1120629000,
      "rd": null,
      "sga": 186887000,
      "fcf": 279574000,
      "ocf": 526459000,
      "capex": -246885000,
      "gross_margin": 0.40387888936882804,
      "op_margin": 0.1738249706894314,
      "fcf_margin": 0.14872001651179764,
      "incr_op_margin_yoy": 0.14723735408560312,
      "rev_growth_yoy": 0.17700079140077937,
      "rev_growth_yoy_accel": -0.007169161484976233,
      "op_leverage_ratio": 0.4156607610457433,
      "fcf_margin_change": -0.023964940560709774
    },
    {
      "date": "2022-12-31T00:00:00",
      "quarter_label": "2022-12 (Q4)",
      "revenue": 1869301000,
      "gross_profit": 731328000,
      "operating_income": 311973000,
      "net_income": 194352000,
      "opex": 419355000,
      "cogs": 1137973000,
      "rd": null,
      "sga": 177762000,
      "fcf": 227991000,
      "ocf": 522355000,
      "capex": -294364000,
      "gross_margin": 0.3912307327712337,
      "op_margin": 0.16689286530098685,
      "fcf_margin": 0.12196591132193264,
      "incr_op_margin_yoy": 0.2557412381317811,
      "rev_growth_yoy": 0.15082135959746823,
      "rev_growth_yoy_accel": -0.026179431803311143,
      "fcf_margin_change": -0.026754105189865
    },
    {
      "date": "2023-03-31T00:00:00",
      "quarter_label": "2023-03 (Q1)",
      "revenue": 1900503000,
      "gross_profit": 753562000,
      "operating_income": 314689000,
      "net_income": 197813000,
      "opex": 438873000,
      "cogs": 1146941000,
      "rd": null,
      "sga": 193667000,
      "fcf": 266572000,
      "ocf": 442358000,
      "capex": -175786000,
      "gross_margin": 0.3965066090398173,
      "op_margin": 0.16558195383011762,
      "fcf_margin": 0.14026391960444157,
      "incr_op_margin_yoy": 0.16058730058840187,
      "rev_growth_yoy": 0.154440229490571,
      "rev_growth_yoy_accel": 0.003618869893102783,
      "op_leverage_ratio": 0.35863255153225965,
      "fcf_margin_change": 0.018298008282508924
    },
    {
      "date": "2023-06-30T00:00:00",
      "quarter_label": "2023-06 (Q2)",
      "revenue": 2021095000,
      "gross_profit": 823746000,
      "operating_income": 344128000,
      "net_income": 209208000,
      "opex": 479618000,
      "cogs": 1197349000,
      "rd": null,
      "sga": 216385000,
      "fcf": 355997000,
      "ocf": 574354000,
      "capex": -218357000,
      "gross_margin": 0.4075741120531197,
      "op_margin": 0.17026809724431557,
      "fcf_margin": 0.17614065642634313,
      "incr_op_margin_yoy": 0.07103488712987394,
      "rev_growth_yoy": 0.11267124890238296,
      "rev_growth_yoy_accel": -0.04176898058818805,
      "op_leverage_ratio": 0.6834621676536534,
      "fcf_margin_change": 0.03587673682190157
    },
    {
      "date": "2023-09-30T00:00:00",
      "quarter_label": "2023-09 (Q3)",
      "revenue": 2064744000,
      "gross_profit": 860141000,
      "operating_income": 352977000,
      "net_income": 229026000,
      "opex": 507164000,
      "cogs": 1204603000,
      "rd": null,
      "sga": 196316000,
      "fcf": 332753000,
      "ocf": 554164000,
      "capex": -221411000,
      "gross_margin": 0.41658481632589806,
      "op_margin": 0.17095436528693145,
      "fcf_margin": 0.16115944640110347,
      "incr_op_margin_yoy": 0.14176529133040525,
      "rev_growth_yoy": 0.09834520296105896,
      "rev_growth_yoy_accel": -0.014326045941324,
      "op_leverage_ratio": 0.3760317374714837,
      "fcf_margin_change": -0.014981210025239666
    },
    {
      "date": "2023-12-31T00:00:00",
      "quarter_label": "2023-12 (Q4)",
      "revenue": 2035609000,
      "gross_profit": 839989000,
      "operating_income": 224518000,
      "net_income": 126753000,
      "opex": 615471000,
      "cogs": 1195620000,
      "rd": null,
      "sga": 192752000,
      "fcf": 237495000,
      "ocf": 555941000,
      "capex": -318446000,
      "gross_margin": 0.41264751727861293,
      "op_margin": 0.11029524825248857,
      "fcf_margin": 0.11667024462949417,
      "incr_op_margin_yoy": -0.5258616542800106,
      "rev_growth_yoy": 0.08896801531695538,
      "rev_growth_yoy_accel": -0.009377187644103585,
      "fcf_margin_change": -0.044489201771609296
    },
    {
      "date": "2024-03-31T00:00:00",
      "quarter_label": "2024-03 (Q1)",
      "revenue": 2072653000,
      "gross_profit": 850870000,
      "operating_income": 366800000,
      "net_income": 230054000,
      "opex": 484070000,
      "cogs": 1221783000,
      "rd": null,
      "sga": 220735000,
      "fcf": 320358000,
      "ocf": 490309000,
      "capex": -169951000,
      "gross_margin": 0.41052216651798445,
      "op_margin": 0.1769712537506278,
      "fcf_margin": 0.15456422276184195,
      "incr_op_margin_yoy": 0.3027069416206796,
      "rev_growth_yoy": 0.09058128295509137,
      "rev_growth_yoy_accel": 0.00161326763813599,
      "op_leverage_ratio": null,
      "fcf_margin_change": 0.03789397813234778
    },
    {
      "date": "2024-06-30T00:00:00",
      "quarter_label": "2024-06 (Q2)",
      "revenue": 2248166000,
      "gross_profit": 947096000,
      "operating_income": 424705000,
      "net_income": 275477000,
      "opex": 522391000,
      "cogs": 1301070000,
      "rd": null,
      "sga": 228848000,
      "fcf": 394159000,
      "ocf": 611378000,
      "capex": -217219000,
      "gross_margin": 0.4212749414411569,
      "op_margin": 0.18891176185388445,
      "fcf_margin": 0.1753246868781042,
      "incr_op_margin_yoy": 0.35485376820465847,
      "rev_growth_yoy": 0.11235048327762921,
      "rev_growth_yoy_accel": 0.021769200322537846,
      "op_leverage_ratio": 1.0696803672278141,
      "fcf_margin_change": 0.020760464116262256
    },
    {
      "date": "2024-09-30T00:00:00",
      "quarter_label": "2024-09 (Q3)",
      "revenue": 2338488000,
      "gross_profit": 994409000,
      "operating_income": 475343000,
      "net_income": 308046000,
      "opex": 519066000,
      "cogs": 1344079000,
      "rd": null,
      "sga": 222526000,
      "fcf": 286179000,
      "ocf": 558311000,
      "capex": -272132000,
      "gross_margin": 0.4252358789097913,
      "op_margin": 0.20326937747809695,
      "fcf_margin": 0.12237779283023903,
      "incr_op_margin_yoy": 0.4470088842129873,
      "rev_growth_yoy": 0.13258011646964465,
      "rev_growth_yoy_accel": 0.020229633192015442,
      "op_leverage_ratio": null,
      "fcf_margin_change": -0.05294689404786518
    },
    {
      "date": "2024-12-31T00:00:00",
      "quarter_label": "2024-12 (Q4)",
      "revenue": 2260283000,
      "gross_profit": 935509000,
      "operating_income": -199190000,
      "net_income": -196004000,
      "opex": 1134699000,
      "cogs": 1324774000,
      "rd": null,
      "sga": 211335000,
      "fcf": 172243000,
      "ocf": 568929000,
      "capex": -396686000,
      "gross_margin": 0.4138902075536559,
      "op_margin": -0.08812613287805111,
      "fcf_margin": 0.07620417443302453,
      "incr_op_margin_yoy": -1.8858790959345542,
      "rev_growth_yoy": 0.11037188379497241,
      "rev_growth_yoy_accel": -0.022208232674672243,
      "fcf_margin_change": -0.0461736183972145
    },
    {
      "date": "2025-03-31T00:00:00",
      "quarter_label": "2025-03 (Q1)",
      "revenue": 2228176000,
      "gross_profit": 936733000,
      "operating_income": 390210000,
      "net_income": 241510000,
      "opex": 546523000,
      "cogs": 1291443000,
      "rd": null,
      "sga": 250134000,
      "fcf": 329084000,
      "ocf": 541539000,
      "capex": -212455000,
      "gross_margin": 0.4204035049295926,
      "op_margin": 0.17512530428476028,
      "fcf_margin": 0.14769210331679364,
      "incr_op_margin_yoy": 0.15052435974100295,
      "rev_growth_yoy": 0.0750357150955804,
      "rev_growth_yoy_accel": -0.03533616869939202,
      "fcf_margin_change": 0.0714879288837691
    },
    {
      "date": "2025-06-30T00:00:00",
      "quarter_label": "2025-06 (Q2)",
      "revenue": 2407055000,
      "gross_profit": 1014198000,
      "operating_income": 459545000,
      "net_income": 290276000,
      "opex": 554653000,
      "cogs": 1392857000,
      "rd": null,
      "sga": 242966000,
      "fcf": 352892000,
      "ocf": 638202000,
      "capex": -285310000,
      "gross_margin": 0.42134392442216734,
      "op_margin": 0.1909158702231565,
      "fcf_margin": 0.14660736875559552,
      "incr_op_margin_yoy": 0.21927257393526298,
      "rev_growth_yoy": 0.07067494126323412,
      "rev_growth_yoy_accel": -0.004360773832346274,
      "op_leverage_ratio": 5.396693635073428,
      "fcf_margin_change": -0.0010847345611981196
    },
    {
      "date": "2025-09-30T00:00:00",
      "quarter_label": "2025-09 (Q3)",
      "revenue": 2458378000,
      "gross_profit": 1051524000,
      "operating_income": 439591000,
      "net_income": 286271000,
      "opex": 611933000,
      "cogs": 1406854000,
      "rd": null,
      "sga": 236476000,
      "fcf": 380277000,
      "ocf": 677449000,
      "capex": -297172000,
      "gross_margin": 0.4277308046199567,
      "op_margin": 0.17881342901701855,
      "fcf_margin": 0.15468613858405827,
      "incr_op_margin_yoy": -0.29820668946534323,
      "rev_growth_yoy": 0.05126816986018316,
      "rev_growth_yoy_accel": -0.019406771403050957,
      "op_leverage_ratio": 0.20646401930265068,
      "fcf_margin_change": 0.008078769828462756
    },
    {
      "date": "2025-12-31T00:00:00",
      "quarter_label": "2025-12 (Q4)",
      "revenue": 2373306000,
      "gross_profit": 1009077000,
      "operating_income": 420828000,
      "net_income": 258500000,
      "opex": 588249000,
      "cogs": 1364229000,
      "rd": null,
      "sga": 229968000,
      "fcf": 172588000,
      "ocf": 556879000,
      "capex": -384291000,
      "gross_margin": 0.4251777899689294,
      "op_margin": 0.17731721067574094,
      "fcf_margin": 0.0727205004327297,
      "incr_op_margin_yoy": 5.485768383426382,
      "rev_growth_yoy": 0.05000391543890743,
      "rev_growth_yoy_accel": -0.001264254421275736,
      "fcf_margin_change": -0.08196563815132857
    }
  ],
  "signals": [
    {
      "quarter": "2025-12 (Q4)",
      "signal": "OP MARGIN TURNED POSITIVE (YoY)",
      "detail": "Op margin: -8.8% (year-ago) -> +17.7%",
      "severity": "HIGH"
    },
    {
      "quarter": "2025-06 (Q2)",
      "signal": "OPERATING LEVERAGE",
      "detail": "Rev growth +8.0% vs OpEx growth +1.5% (leverage: 5.4x)",
      "severity": "MEDIUM"
    },
    {
      "quarter": "2025-03 (Q1)",
      "signal": "FCF MARGIN EXPANSION",
      "detail": "FCF margin: +7.6% -> +14.8% (+7.1%)",
      "severity": "MEDIUM"
    },
    {
      "quarter": "2025-03 (Q1)",
      "signal": "OP MARGIN TURNED POSITIVE (QoQ)",
      "detail": "Op margin: -8.8% -> +17.5%",
      "severity": "HIGH"
    },
    {
      "quarter": "2024-09 (Q3)",
      "signal": "INCREMENTAL MARGIN (YoY)",
      "detail": "YoY Incr OPM: +44.7% vs year-ago OPM: +17.1%",
      "severity": "HIGH"
    },
    {
      "quarter": "2024-06 (Q2)",
      "signal": "INCREMENTAL MARGIN (YoY)",
      "detail": "YoY Incr OPM: +35.5% vs year-ago OPM: +17.0%",
      "severity": "MEDIUM"
    },
    {
      "quarter": "2024-03 (Q1)",
      "signal": "INCREMENTAL MARGIN (YoY)",
      "detail": "YoY Incr OPM: +30.3% vs year-ago OPM: +16.6%",
      "severity": "MEDIUM"
    },
    {
      "quarter": "2022-12 (Q4)",
      "signal": "INCREMENTAL MARGIN (YoY)",
      "detail": "YoY Incr OPM: +25.6% vs year-ago OPM: +15.3%",
      "severity": "MEDIUM"
    },
    {
      "quarter": "2022-06 (Q2)",
      "signal": "OPERATING LEVERAGE",
      "detail": "Rev growth +10.3% vs OpEx growth +4.2% (leverage: 2.5x)",
      "severity": "MEDIUM"
    },
    {
      "quarter": "2022-03 (Q1)",
      "signal": "FCF MARGIN EXPANSION",
      "detail": "FCF margin: +10.1% -> +17.5% (+7.5%)",
      "severity": "MEDIUM"
    }
  ],
  "data_quality": {
    "n_quarters": 20,
    "coverage": {
      "revenue": [
        20,
        20
      ],
      "gross_profit": [
        20,
        20
      ],
      "op_income": [
        20,
        20
      ],
      "fcf": [
        20,
        20
      ]
    },
    "gaps": [],
    "warnings": []
  },
  "market_cap": null,
  "source": "SEC EDGAR",
  "last_updated": "2026-02-13T11:39:43.157548"
}