{
  "ticker": "WD",
  "name": "Walker & Dunlop, Inc.",
  "quarters": [
    {
      "date": "2020-12-31T00:00:00",
      "quarter_label": "2020-12 (Q4)",
      "revenue": 349709000,
      "gross_profit": null,
      "operating_income": null,
      "net_income": 83099000,
      "opex": 232373000,
      "cogs": null,
      "rd": null,
      "sga": null,
      "fcf": 885498000,
      "ocf": 885498000,
      "capex": null,
      "gross_margin": null,
      "op_margin": null,
      "fcf_margin": 2.5320995456222173
    },
    {
      "date": "2021-03-31T00:00:00",
      "quarter_label": "2021-03 (Q1)",
      "revenue": 224288000,
      "gross_profit": null,
      "operating_income": null,
      "net_income": 58052000,
      "opex": 151118000,
      "cogs": null,
      "rd": null,
      "sga": null,
      "fcf": 1315692000,
      "ocf": 1315692000,
      "capex": null,
      "gross_margin": null,
      "op_margin": null,
      "fcf_margin": 5.8660828934227425,
      "fcf_margin_change": 3.333983347800525
    },
    {
      "date": "2021-06-30T00:00:00",
      "quarter_label": "2021-06 (Q2)",
      "revenue": 281411000,
      "gross_profit": null,
      "operating_income": null,
      "net_income": 56058000,
      "opex": 207113000,
      "cogs": null,
      "rd": null,
      "sga": null,
      "fcf": -556350000,
      "ocf": -556350000,
      "capex": null,
      "gross_margin": null,
      "op_margin": null,
      "fcf_margin": -1.977001609745177,
      "op_leverage_ratio": 0.687340473369416,
      "fcf_margin_change": -7.843084503167919
    },
    {
      "date": "2021-09-30T00:00:00",
      "quarter_label": "2021-09 (Q3)",
      "revenue": 346290000,
      "gross_profit": null,
      "operating_income": null,
      "net_income": 71721000,
      "opex": 251547000,
      "cogs": null,
      "rd": null,
      "sga": null,
      "fcf": -956321000,
      "ocf": -956321000,
      "capex": null,
      "gross_margin": null,
      "op_margin": null,
      "fcf_margin": -2.761618874353865,
      "op_leverage_ratio": 1.074620266084017,
      "fcf_margin_change": -0.7846172646086882
    },
    {
      "date": "2021-12-31T00:00:00",
      "quarter_label": "2021-12 (Q4)",
      "revenue": 407189000,
      "gross_profit": null,
      "operating_income": null,
      "net_income": 79931000,
      "opex": 297342000,
      "cogs": null,
      "rd": null,
      "sga": null,
      "fcf": 1067434000,
      "ocf": 1067434000,
      "capex": null,
      "gross_margin": null,
      "op_margin": null,
      "fcf_margin": 2.6214706192947257,
      "rev_growth_yoy": 0.1643652293764244,
      "op_leverage_ratio": 0.9659870176725285,
      "fcf_margin_change": 5.3830894936485905
    },
    {
      "date": "2022-03-31T00:00:00",
      "quarter_label": "2022-03 (Q1)",
      "revenue": 319444000,
      "gross_profit": null,
      "operating_income": null,
      "net_income": 71209000,
      "opex": 229454000,
      "cogs": null,
      "rd": null,
      "sga": null,
      "fcf": 971928000,
      "ocf": 971928000,
      "capex": null,
      "gross_margin": null,
      "op_margin": null,
      "fcf_margin": 3.042561450520279,
      "rev_growth_yoy": 0.42425809673277215,
      "rev_growth_yoy_accel": 0.25989286735634776,
      "fcf_margin_change": 0.42109083122555324
    },
    {
      "date": "2022-06-30T00:00:00",
      "quarter_label": "2022-06 (Q2)",
      "revenue": 340848000,
      "gross_profit": null,
      "operating_income": null,
      "net_income": 54286000,
      "opex": 267238000,
      "cogs": null,
      "rd": null,
      "sga": null,
      "fcf": -118059000,
      "ocf": -118059000,
      "capex": null,
      "gross_margin": null,
      "op_margin": null,
      "fcf_margin": -0.34636846922968595,
      "rev_growth_yoy": 0.21121064919281762,
      "rev_growth_yoy_accel": -0.21304744753995453,
      "op_leverage_ratio": 0.40690020382466197,
      "fcf_margin_change": -3.3889299197499647
    },
    {
      "date": "2022-09-30T00:00:00",
      "quarter_label": "2022-09 (Q3)",
      "revenue": 315611000,
      "gross_profit": null,
      "operating_income": null,
      "net_income": 46833000,
      "opex": 261420000,
      "cogs": null,
      "rd": null,
      "sga": null,
      "fcf": -1320635000,
      "ocf": -1320635000,
      "capex": null,
      "gross_margin": null,
      "op_margin": null,
      "fcf_margin": -4.184375703001479,
      "rev_growth_yoy": -0.08859337549452771,
      "rev_growth_yoy_accel": -0.29980402468734535,
      "fcf_margin_change": -3.8380072337717936
    },
    {
      "date": "2022-12-31T00:00:00",
      "quarter_label": "2022-12 (Q4)",
      "revenue": 282850000,
      "gross_profit": null,
      "operating_income": null,
      "net_income": 41492000,
      "opex": 235676000,
      "cogs": null,
      "rd": null,
      "sga": null,
      "fcf": 2049470000,
      "ocf": 2049470000,
      "capex": null,
      "gross_margin": null,
      "op_margin": null,
      "fcf_margin": 7.245783984444052,
      "rev_growth_yoy": -0.3053594276859149,
      "rev_growth_yoy_accel": -0.21676605219138717,
      "fcf_margin_change": 11.430159687445531
    },
    {
      "date": "2023-03-31T00:00:00",
      "quarter_label": "2023-03 (Q1)",
      "revenue": 238746000,
      "gross_profit": null,
      "operating_income": null,
      "net_income": 26665000,
      "opex": 204141000,
      "cogs": null,
      "rd": null,
      "sga": null,
      "fcf": -546672000,
      "ocf": -546672000,
      "capex": null,
      "gross_margin": null,
      "op_margin": null,
      "fcf_margin": -2.2897640169887663,
      "rev_growth_yoy": -0.2526201775585079,
      "rev_growth_yoy_accel": 0.05273925012740699,
      "fcf_margin_change": -9.535548001432819
    },
    {
      "date": "2023-06-30T00:00:00",
      "quarter_label": "2023-06 (Q2)",
      "revenue": 272615000,
      "gross_profit": null,
      "operating_income": null,
      "net_income": 27635000,
      "opex": 236603000,
      "cogs": null,
      "rd": null,
      "sga": null,
      "fcf": -334359000,
      "ocf": -334359000,
      "capex": null,
      "gross_margin": null,
      "op_margin": null,
      "fcf_margin": -1.2264879041872236,
      "rev_growth_yoy": -0.20018600666572783,
      "rev_growth_yoy_accel": 0.052434170892780074,
      "op_leverage_ratio": 0.8921158068931235,
      "fcf_margin_change": 1.0632761128015427
    },
    {
      "date": "2023-09-30T00:00:00",
      "quarter_label": "2023-09 (Q3)",
      "revenue": 268743000,
      "gross_profit": null,
      "operating_income": null,
      "net_income": 21458000,
      "opex": 240530000,
      "cogs": null,
      "rd": null,
      "sga": null,
      "fcf": 548619000,
      "ocf": 548619000,
      "capex": null,
      "gross_margin": null,
      "op_margin": null,
      "fcf_margin": 2.041426195286947,
      "rev_growth_yoy": -0.14849926016520337,
      "rev_growth_yoy_accel": 0.05168674650052446,
      "fcf_margin_change": 3.2679140994741704
    },
    {
      "date": "2023-12-31T00:00:00",
      "quarter_label": "2023-12 (Q4)",
      "revenue": 274336000,
      "gross_profit": null,
      "operating_income": null,
      "net_income": 31599000,
      "opex": 234969000,
      "cogs": null,
      "rd": null,
      "sga": null,
      "fcf": 331894000,
      "ocf": 331894000,
      "capex": null,
      "gross_margin": null,
      "op_margin": null,
      "fcf_margin": 1.2098084101248106,
      "rev_growth_yoy": -0.030100760120205055,
      "rev_growth_yoy_accel": 0.11839850004499831,
      "op_leverage_ratio": Infinity,
      "fcf_margin_change": -0.8316177851621365
    },
    {
      "date": "2024-03-31T00:00:00",
      "quarter_label": "2024-03 (Q1)",
      "revenue": 228059000,
      "gross_profit": null,
      "operating_income": null,
      "net_income": 11866000,
      "opex": 214380000,
      "cogs": null,
      "rd": null,
      "sga": null,
      "fcf": 38397000,
      "ocf": 38397000,
      "capex": null,
      "gross_margin": null,
      "op_margin": null,
      "fcf_margin": 0.1683643267750889,
      "rev_growth_yoy": -0.044763053621840784,
      "rev_growth_yoy_accel": -0.01466229350163573,
      "fcf_margin_change": -1.0414440833497216
    },
    {
      "date": "2024-06-30T00:00:00",
      "quarter_label": "2024-06 (Q2)",
      "revenue": 270676000,
      "gross_profit": null,
      "operating_income": null,
      "net_income": 22663000,
      "opex": 242479000,
      "cogs": null,
      "rd": null,
      "sga": null,
      "fcf": -237846000,
      "ocf": -237846000,
      "capex": null,
      "gross_margin": null,
      "op_margin": null,
      "fcf_margin": -0.8787110789283128,
      "rev_growth_yoy": -0.0071125946848119145,
      "rev_growth_yoy_accel": 0.03765045893702887,
      "op_leverage_ratio": 1.4257029923530795,
      "fcf_margin_change": -1.0470754057034017
    },
    {
      "date": "2024-09-30T00:00:00",
      "quarter_label": "2024-09 (Q3)",
      "revenue": 292304000,
      "gross_profit": null,
      "operating_income": null,
      "net_income": 28802000,
      "opex": 254799000,
      "cogs": null,
      "rd": null,
      "sga": null,
      "fcf": -202009000,
      "ocf": -202009000,
      "capex": null,
      "gross_margin": null,
      "op_margin": null,
      "fcf_margin": -0.6910921506376922,
      "rev_growth_yoy": 0.087671120736168,
      "rev_growth_yoy_accel": 0.09478371542097992,
      "op_leverage_ratio": 1.5726425989629045,
      "fcf_margin_change": 0.18761892829062055
    },
    {
      "date": "2024-12-31T00:00:00",
      "quarter_label": "2024-12 (Q4)",
      "revenue": 341451000,
      "gross_profit": null,
      "operating_income": null,
      "net_income": 44836000,
      "opex": 289331000,
      "cogs": null,
      "rd": null,
      "sga": null,
      "fcf": 530817000,
      "ocf": 530817000,
      "capex": null,
      "gross_margin": null,
      "op_margin": null,
      "fcf_margin": 1.5545920205241748,
      "rev_growth_yoy": 0.24464525253703487,
      "rev_growth_yoy_accel": 0.15697413180086686,
      "op_leverage_ratio": 1.2406184672246923,
      "fcf_margin_change": 2.245684171161867
    },
    {
      "date": "2025-03-31T00:00:00",
      "quarter_label": "2025-03 (Q1)",
      "revenue": 237367000,
      "gross_profit": null,
      "operating_income": null,
      "net_income": 2754000,
      "opex": 232123000,
      "cogs": null,
      "rd": null,
      "sga": null,
      "fcf": -281108000,
      "ocf": -281108000,
      "capex": null,
      "gross_margin": null,
      "op_margin": null,
      "fcf_margin": -1.1842758260415307,
      "rev_growth_yoy": 0.04081399988599441,
      "rev_growth_yoy_accel": -0.20383125265104046,
      "fcf_margin_change": -2.7388678465657055
    },
    {
      "date": "2025-06-30T00:00:00",
      "quarter_label": "2025-06 (Q2)",
      "revenue": 319240000,
      "gross_profit": null,
      "operating_income": null,
      "net_income": 33952000,
      "opex": 272866000,
      "cogs": null,
      "rd": null,
      "sga": null,
      "fcf": -238452000,
      "ocf": -238452000,
      "capex": null,
      "gross_margin": null,
      "op_margin": null,
      "fcf_margin": -0.7469364741260494,
      "rev_growth_yoy": 0.17941745851128285,
      "rev_growth_yoy_accel": 0.13860345862528844,
      "op_leverage_ratio": 1.9651039749036576,
      "fcf_margin_change": 0.43733935191548134
    },
    {
      "date": "2025-09-30T00:00:00",
      "quarter_label": "2025-09 (Q3)",
      "revenue": 337675000,
      "gross_profit": null,
      "operating_income": null,
      "net_income": 33452000,
      "opex": 291738000,
      "cogs": null,
      "rd": null,
      "sga": null,
      "fcf": -948119000,
      "ocf": -948119000,
      "capex": null,
      "gross_margin": null,
      "op_margin": null,
      "fcf_margin": -2.80778559265566,
      "rev_growth_yoy": 0.1552185396026055,
      "rev_growth_yoy_accel": -0.02419891890867734,
      "op_leverage_ratio": 0.8349439774673626,
      "fcf_margin_change": -2.0608491185296107
    }
  ],
  "signals": [
    {
      "quarter": "2025-06 (Q2)",
      "signal": "FCF MARGIN EXPANSION",
      "detail": "FCF margin: -118.4% -> -74.7% (+43.7%)",
      "severity": "MEDIUM"
    },
    {
      "quarter": "2025-06 (Q2)",
      "signal": "OPERATING LEVERAGE",
      "detail": "Rev growth +34.5% vs OpEx growth +17.6% (leverage: 2.0x)",
      "severity": "MEDIUM"
    },
    {
      "quarter": "2025-06 (Q2)",
      "signal": "YoY REVENUE GROWTH ACCELERATION",
      "detail": "YoY growth: +17.9% vs prior quarter YoY: +4.1% (accel: +13.9%)",
      "severity": "MEDIUM"
    },
    {
      "quarter": "2025-03 (Q1)",
      "signal": "YoY REVENUE GROWTH DECELERATION",
      "detail": "YoY growth: +4.1% vs prior quarter YoY: +24.5% (decel: -20.4%)",
      "severity": "WARNING"
    },
    {
      "quarter": "2024-12 (Q4)",
      "signal": "FCF TURNED POSITIVE",
      "detail": "FCF margin: -69.1% -> +155.5%",
      "severity": "HIGH"
    },
    {
      "quarter": "2024-12 (Q4)",
      "signal": "YoY REVENUE GROWTH ACCELERATION",
      "detail": "YoY growth: +24.5% vs prior quarter YoY: +8.8% (accel: +15.7%)",
      "severity": "HIGH"
    },
    {
      "quarter": "2024-09 (Q3)",
      "signal": "FCF MARGIN EXPANSION",
      "detail": "FCF margin: -87.9% -> -69.1% (+18.8%)",
      "severity": "MEDIUM"
    },
    {
      "quarter": "2024-09 (Q3)",
      "signal": "OPERATING LEVERAGE",
      "detail": "Rev growth +8.0% vs OpEx growth +5.1% (leverage: 1.6x)",
      "severity": "MEDIUM"
    },
    {
      "quarter": "2024-09 (Q3)",
      "signal": "YoY REVENUE GROWTH ACCELERATION",
      "detail": "YoY growth: +8.8% vs prior quarter YoY: -0.7% (accel: +9.5%)",
      "severity": "MEDIUM"
    },
    {
      "quarter": "2023-12 (Q4)",
      "signal": "YoY REVENUE GROWTH ACCELERATION",
      "detail": "YoY growth: -3.0% vs prior quarter YoY: -14.8% (accel: +11.8%)",
      "severity": "MEDIUM"
    },
    {
      "quarter": "2023-09 (Q3)",
      "signal": "FCF TURNED POSITIVE",
      "detail": "FCF margin: -122.6% -> +204.1%",
      "severity": "HIGH"
    },
    {
      "quarter": "2023-09 (Q3)",
      "signal": "YoY REVENUE GROWTH ACCELERATION",
      "detail": "YoY growth: -14.8% vs prior quarter YoY: -20.0% (accel: +5.2%)",
      "severity": "MEDIUM"
    },
    {
      "quarter": "2023-06 (Q2)",
      "signal": "FCF MARGIN EXPANSION",
      "detail": "FCF margin: -229.0% -> -122.6% (+106.3%)",
      "severity": "MEDIUM"
    },
    {
      "quarter": "2023-06 (Q2)",
      "signal": "YoY REVENUE GROWTH ACCELERATION",
      "detail": "YoY growth: -20.0% vs prior quarter YoY: -25.3% (accel: +5.2%)",
      "severity": "MEDIUM"
    },
    {
      "quarter": "2023-03 (Q1)",
      "signal": "YoY REVENUE GROWTH ACCELERATION",
      "detail": "YoY growth: -25.3% vs prior quarter YoY: -30.5% (accel: +5.3%)",
      "severity": "MEDIUM"
    },
    {
      "quarter": "2022-12 (Q4)",
      "signal": "FCF TURNED POSITIVE",
      "detail": "FCF margin: -418.4% -> +724.6%",
      "severity": "HIGH"
    },
    {
      "quarter": "2022-12 (Q4)",
      "signal": "YoY REVENUE GROWTH DECELERATION",
      "detail": "YoY growth: -30.5% vs prior quarter YoY: -8.9% (decel: -21.7%)",
      "severity": "WARNING"
    },
    {
      "quarter": "2022-09 (Q3)",
      "signal": "YoY REVENUE GROWTH DECELERATION",
      "detail": "YoY growth: -8.9% vs prior quarter YoY: +21.1% (decel: -30.0%)",
      "severity": "WARNING"
    },
    {
      "quarter": "2022-06 (Q2)",
      "signal": "YoY REVENUE GROWTH DECELERATION",
      "detail": "YoY growth: +21.1% vs prior quarter YoY: +42.4% (decel: -21.3%)",
      "severity": "WARNING"
    },
    {
      "quarter": "2022-03 (Q1)",
      "signal": "FCF MARGIN EXPANSION",
      "detail": "FCF margin: +262.1% -> +304.3% (+42.1%)",
      "severity": "MEDIUM"
    },
    {
      "quarter": "2022-03 (Q1)",
      "signal": "YoY REVENUE GROWTH ACCELERATION",
      "detail": "YoY growth: +42.4% vs prior quarter YoY: +16.4% (accel: +26.0%)",
      "severity": "HIGH"
    },
    {
      "quarter": "2021-12 (Q4)",
      "signal": "FCF TURNED POSITIVE",
      "detail": "FCF margin: -276.2% -> +262.1%",
      "severity": "HIGH"
    },
    {
      "quarter": "2021-03 (Q1)",
      "signal": "FCF MARGIN EXPANSION",
      "detail": "FCF margin: +253.2% -> +586.6% (+333.4%)",
      "severity": "MEDIUM"
    }
  ],
  "data_quality": {
    "n_quarters": 20,
    "coverage": {
      "revenue": [
        20,
        20
      ],
      "gross_profit": [
        0,
        20
      ],
      "op_income": [
        0,
        20
      ],
      "fcf": [
        20,
        20
      ]
    },
    "gaps": [],
    "warnings": [
      "gross_profit: no data",
      "op_income: no data"
    ]
  },
  "market_cap": null,
  "source": "SEC EDGAR",
  "last_updated": "2026-02-02T21:34:03.055161"
}