{
  "ticker": "WDAY",
  "name": "WORKDAY, INC.",
  "quarters": [
    {
      "date": "2021-01-31T00:00:00",
      "quarter_label": "2021-01 (Q1)",
      "revenue": 1131684000,
      "gross_profit": null,
      "operating_income": -73311000,
      "net_income": -71707000,
      "opex": 1204995000,
      "cogs": null,
      "rd": 439095000,
      "sga": null,
      "fcf": 553746000,
      "ocf": 553746000,
      "capex": null,
      "gross_margin": null,
      "op_margin": -0.06478045107998345,
      "fcf_margin": 0.4893115039180549
    },
    {
      "date": "2021-04-30T00:00:00",
      "quarter_label": "2021-04 (Q2)",
      "revenue": 1175033000,
      "gross_profit": null,
      "operating_income": -38313000,
      "net_income": -46522000,
      "opex": 1213346000,
      "cogs": null,
      "rd": 441616000,
      "sga": null,
      "fcf": 452428000,
      "ocf": 452428000,
      "capex": null,
      "gross_margin": null,
      "op_margin": -0.03260589277067112,
      "fcf_margin": 0.3850342926539084,
      "op_leverage_ratio": 5.527142590571931,
      "fcf_margin_change": -0.10427721126414646
    },
    {
      "date": "2021-07-31T00:00:00",
      "quarter_label": "2021-07 (Q3)",
      "revenue": 1260361000,
      "gross_profit": null,
      "operating_income": -1120000,
      "net_income": 105736000,
      "opex": 1261481000,
      "cogs": null,
      "rd": 444251000,
      "sga": null,
      "fcf": 198473000,
      "ocf": 198473000,
      "capex": null,
      "gross_margin": null,
      "op_margin": -0.0008886342881126915,
      "fcf_margin": 0.1574731366648127,
      "op_leverage_ratio": 1.8304808479970047,
      "fcf_margin_change": -0.22756115598909574
    },
    {
      "date": "2021-10-31T00:00:00",
      "quarter_label": "2021-10 (Q4)",
      "revenue": 1327263000,
      "gross_profit": null,
      "operating_income": 23945000,
      "net_income": 43412000,
      "opex": 1303318000,
      "cogs": null,
      "rd": 455615000,
      "sga": null,
      "fcf": 384654000,
      "ocf": 384654000,
      "capex": null,
      "gross_margin": null,
      "op_margin": 0.018040885642107103,
      "fcf_margin": 0.28980993216868095,
      "op_leverage_ratio": 1.6005318596252913,
      "fcf_margin_change": 0.13233679550386826
    },
    {
      "date": "2022-01-31T00:00:00",
      "quarter_label": "2022-01 (Q1)",
      "revenue": 1376141000,
      "gross_profit": null,
      "operating_income": -100962000,
      "net_income": -73253000,
      "opex": 1477103000,
      "cogs": null,
      "rd": 537738000,
      "sga": null,
      "fcf": 615445000,
      "ocf": 615445000,
      "capex": null,
      "gross_margin": null,
      "op_margin": -0.07336602862642709,
      "fcf_margin": 0.4472252479942099,
      "incr_op_margin_yoy": -0.11311191743333184,
      "rev_growth_yoy": 0.21601171351720092,
      "op_leverage_ratio": 0.27618147476240806,
      "fcf_margin_change": 0.15741531582552892
    },
    {
      "date": "2022-04-30T00:00:00",
      "quarter_label": "2022-04 (Q2)",
      "revenue": 1434657000,
      "gross_profit": null,
      "operating_income": -72843000,
      "net_income": -102173000,
      "opex": 1507500000,
      "cogs": null,
      "rd": 541509000,
      "sga": null,
      "fcf": 439717000,
      "ocf": 439717000,
      "capex": null,
      "gross_margin": null,
      "op_margin": -0.050773808652521124,
      "fcf_margin": 0.30649625659652446,
      "incr_op_margin_yoy": -0.13300003081379225,
      "rev_growth_yoy": 0.2209503903294631,
      "rev_growth_yoy_accel": 0.004938676812262177,
      "op_leverage_ratio": 2.0662922831563644,
      "fcf_margin_change": -0.1407289913976854
    },
    {
      "date": "2022-07-31T00:00:00",
      "quarter_label": "2022-07 (Q3)",
      "revenue": 1535798000,
      "gross_profit": null,
      "operating_income": -34078000,
      "net_income": -64158000,
      "opex": 1569876000,
      "cogs": null,
      "rd": 547835000,
      "sga": null,
      "fcf": 114358000,
      "ocf": 114358000,
      "capex": null,
      "gross_margin": null,
      "op_margin": -0.02218911601655947,
      "fcf_margin": 0.07446161539473291,
      "incr_op_margin_yoy": -0.11965712667506544,
      "rev_growth_yoy": 0.21853818072758519,
      "rev_growth_yoy_accel": -0.002412209601877907,
      "op_leverage_ratio": 1.7038013623977912,
      "fcf_margin_change": -0.23203464120179157
    },
    {
      "date": "2022-10-31T00:00:00",
      "quarter_label": "2022-10 (Q4)",
      "revenue": 1599103000,
      "gross_profit": null,
      "operating_income": -26321000,
      "net_income": -74721000,
      "opex": 1625424000,
      "cogs": null,
      "rd": 565727000,
      "sga": null,
      "fcf": 408668000,
      "ocf": 408668000,
      "capex": null,
      "gross_margin": null,
      "op_margin": -0.016459852804978792,
      "fcf_margin": 0.2555607737587885,
      "incr_op_margin_yoy": -0.1849102413184226,
      "rev_growth_yoy": 0.20481245992693234,
      "rev_growth_yoy_accel": -0.013725720800652846,
      "op_leverage_ratio": 1.1649327066578148,
      "fcf_margin_change": 0.1810991583640556
    },
    {
      "date": "2023-01-31T00:00:00",
      "quarter_label": "2023-01 (Q1)",
      "revenue": 1646260000,
      "gross_profit": null,
      "operating_income": -88958000,
      "net_income": -125697000,
      "opex": 1735218000,
      "cogs": null,
      "rd": 615589000,
      "sga": null,
      "fcf": 694257000,
      "ocf": 694257000,
      "capex": null,
      "gross_margin": null,
      "op_margin": -0.05403642195036021,
      "fcf_margin": 0.42171771166158445,
      "incr_op_margin_yoy": 0.044439672884913684,
      "rev_growth_yoy": 0.19628729904857134,
      "rev_growth_yoy_accel": -0.008525160878360999,
      "op_leverage_ratio": 0.4365739227892634,
      "fcf_margin_change": 0.16615693790279595
    },
    {
      "date": "2023-04-30T00:00:00",
      "quarter_label": "2023-04 (Q2)",
      "revenue": 1684312000,
      "gross_profit": null,
      "operating_income": -19800000,
      "net_income": 136000,
      "opex": 1704112000,
      "cogs": null,
      "rd": 600457000,
      "sga": null,
      "fcf": 218000000,
      "ocf": 277000000,
      "capex": -59000000,
      "gross_margin": null,
      "op_margin": -0.011755541728610852,
      "fcf_margin": 0.1294297018604629,
      "incr_op_margin_yoy": 0.21246520197873064,
      "rev_growth_yoy": 0.17401720411220242,
      "rev_growth_yoy_accel": -0.022270094936368917,
      "op_leverage_ratio": Infinity,
      "fcf_margin_change": -0.2922880098011216
    },
    {
      "date": "2023-07-31T00:00:00",
      "quarter_label": "2023-07 (Q3)",
      "revenue": 1786766000,
      "gross_profit": null,
      "operating_income": 36257000,
      "net_income": 78660000,
      "opex": 1750509000,
      "cogs": null,
      "rd": 609677000,
      "sga": null,
      "fcf": 360000000,
      "ocf": 425000000,
      "capex": -65000000,
      "gross_margin": null,
      "op_margin": 0.020291968842030796,
      "fcf_margin": 0.20148133555261294,
      "incr_op_margin_yoy": 0.2802548532083772,
      "rev_growth_yoy": 0.16341211539538403,
      "rev_growth_yoy_accel": -0.010605088716818395,
      "op_leverage_ratio": 2.2341617404630276,
      "fcf_margin_change": 0.07205163369215004
    },
    {
      "date": "2023-10-31T00:00:00",
      "quarter_label": "2023-10 (Q4)",
      "revenue": 1865675000,
      "gross_profit": null,
      "operating_income": 87855000,
      "net_income": 113709000,
      "opex": 1777820000,
      "cogs": null,
      "rd": 618736000,
      "sga": null,
      "fcf": 391000000,
      "ocf": 451000000,
      "capex": -60000000,
      "gross_margin": null,
      "op_margin": 0.04709019523764857,
      "fcf_margin": 0.20957562276387903,
      "incr_op_margin_yoy": 0.4283120507780262,
      "rev_growth_yoy": 0.1667009567238633,
      "rev_growth_yoy_accel": 0.003288841328479286,
      "op_leverage_ratio": 2.8306462974861484,
      "fcf_margin_change": 0.008094287211266094
    },
    {
      "date": "2024-01-31T00:00:00",
      "quarter_label": "2024-01 (Q1)",
      "revenue": 1922247000,
      "gross_profit": null,
      "operating_income": 78688000,
      "net_income": 1188495000,
      "opex": 1843559000,
      "cogs": null,
      "rd": 635130000,
      "sga": null,
      "fcf": 947000000,
      "ocf": 996000000,
      "capex": -49000000,
      "gross_margin": null,
      "op_margin": 0.040935426092484475,
      "fcf_margin": 0.4926526091600091,
      "incr_op_margin_yoy": 0.607441654860555,
      "rev_growth_yoy": 0.16764484346336544,
      "rev_growth_yoy_accel": 0.0009438867395021311,
      "op_leverage_ratio": 0.820030932551693,
      "fcf_margin_change": 0.28307698639613005
    },
    {
      "date": "2024-04-30T00:00:00",
      "quarter_label": "2024-04 (Q2)",
      "revenue": 1990000000,
      "gross_profit": null,
      "operating_income": 64000000,
      "net_income": 107000000,
      "opex": 1926000000,
      "cogs": null,
      "rd": 656000000,
      "sga": null,
      "fcf": 291000000,
      "ocf": 372000000,
      "capex": -81000000,
      "gross_margin": null,
      "op_margin": 0.032160804020100506,
      "fcf_margin": 0.14623115577889448,
      "incr_op_margin_yoy": 0.27413572008060505,
      "rev_growth_yoy": 0.1814913151482623,
      "rev_growth_yoy_accel": 0.01384647168489686,
      "op_leverage_ratio": 0.788194006331266,
      "fcf_margin_change": -0.34642145338111463
    },
    {
      "date": "2024-07-31T00:00:00",
      "quarter_label": "2024-07 (Q3)",
      "revenue": 2085000000,
      "gross_profit": null,
      "operating_income": 111000000,
      "net_income": 132000000,
      "opex": 1974000000,
      "cogs": null,
      "rd": 649000000,
      "sga": null,
      "fcf": 516000000,
      "ocf": 571000000,
      "capex": -55000000,
      "gross_margin": null,
      "op_margin": 0.053237410071942444,
      "fcf_margin": 0.2474820143884892,
      "incr_op_margin_yoy": 0.2506186417376959,
      "rev_growth_yoy": 0.1669127350755499,
      "rev_growth_yoy_accel": -0.0145785800727124,
      "op_leverage_ratio": 1.9155150753768844,
      "fcf_margin_change": 0.10125085860959473
    },
    {
      "date": "2024-10-31T00:00:00",
      "quarter_label": "2024-10 (Q4)",
      "revenue": 2160000000,
      "gross_profit": null,
      "operating_income": 165000000,
      "net_income": 193000000,
      "opex": 1995000000,
      "cogs": null,
      "rd": 647000000,
      "sga": null,
      "fcf": 359000000,
      "ocf": 406000000,
      "capex": -47000000,
      "gross_margin": null,
      "op_margin": 0.0763888888888889,
      "fcf_margin": 0.16620370370370371,
      "incr_op_margin_yoy": 0.2621082137093349,
      "rev_growth_yoy": 0.15775791603575112,
      "rev_growth_yoy_accel": -0.009154819039798784,
      "op_leverage_ratio": 3.381294964028777,
      "fcf_margin_change": -0.0812783106847855
    },
    {
      "date": "2025-01-31T00:00:00",
      "quarter_label": "2025-01 (Q1)",
      "revenue": 2211000000,
      "gross_profit": null,
      "operating_income": 75000000,
      "net_income": 94000000,
      "opex": 2136000000,
      "cogs": null,
      "rd": 674000000,
      "sga": null,
      "fcf": 1026000000,
      "ocf": 1112000000,
      "capex": -86000000,
      "gross_margin": null,
      "op_margin": 0.033921302578018994,
      "fcf_margin": 0.46404341926729986,
      "incr_op_margin_yoy": -0.012772161674510741,
      "rev_growth_yoy": 0.1502163873841395,
      "rev_growth_yoy_accel": -0.0075415286516116176,
      "op_leverage_ratio": 0.3340721040189125,
      "fcf_margin_change": 0.2978397155635961
    },
    {
      "date": "2025-04-30T00:00:00",
      "quarter_label": "2025-04 (Q2)",
      "revenue": 2240000000,
      "gross_profit": null,
      "operating_income": 39000000,
      "net_income": 68000000,
      "opex": 2201000000,
      "cogs": null,
      "rd": 663000000,
      "sga": null,
      "fcf": 421000000,
      "ocf": 457000000,
      "capex": -36000000,
      "gross_margin": null,
      "op_margin": 0.017410714285714286,
      "fcf_margin": 0.18794642857142857,
      "incr_op_margin_yoy": -0.1,
      "rev_growth_yoy": 0.12562814070351758,
      "rev_growth_yoy_accel": -0.024588246680621928,
      "op_leverage_ratio": 0.43101972654211457,
      "fcf_margin_change": -0.2760969906958713
    },
    {
      "date": "2025-07-31T00:00:00",
      "quarter_label": "2025-07 (Q3)",
      "revenue": 2348000000,
      "gross_profit": null,
      "operating_income": 248000000,
      "net_income": 228000000,
      "opex": 2100000000,
      "cogs": null,
      "rd": 660000000,
      "sga": null,
      "fcf": 588000000,
      "ocf": 616000000,
      "capex": -28000000,
      "gross_margin": null,
      "op_margin": 0.10562180579216354,
      "fcf_margin": 0.2504258943781942,
      "incr_op_margin_yoy": 0.5209125475285171,
      "rev_growth_yoy": 0.12613908872901677,
      "rev_growth_yoy_accel": 0.0005109480254991972,
      "op_leverage_ratio": Infinity,
      "fcf_margin_change": 0.06247946580676561
    },
    {
      "date": "2025-10-31T00:00:00",
      "quarter_label": "2025-10 (Q4)",
      "revenue": 2432000000,
      "gross_profit": null,
      "operating_income": 259000000,
      "net_income": 252000000,
      "opex": 2173000000,
      "cogs": null,
      "rd": 666000000,
      "sga": null,
      "fcf": 550000000,
      "ocf": 588000000,
      "capex": -38000000,
      "gross_margin": null,
      "op_margin": 0.10649671052631579,
      "fcf_margin": 0.22615131578947367,
      "incr_op_margin_yoy": 0.34558823529411764,
      "rev_growth_yoy": 0.1259259259259259,
      "rev_growth_yoy_accel": -0.00021316280309086055,
      "op_leverage_ratio": 1.0291475111432637,
      "fcf_margin_change": -0.024274578588720508
    }
  ],
  "signals": [
    {
      "quarter": "2025-10 (Q4)",
      "signal": "INCREMENTAL MARGIN (YoY)",
      "detail": "YoY Incr OPM: +34.6% vs year-ago OPM: +7.6%",
      "severity": "HIGH"
    },
    {
      "quarter": "2025-07 (Q3)",
      "signal": "FCF MARGIN EXPANSION",
      "detail": "FCF margin: +18.8% -> +25.0% (+6.2%)",
      "severity": "MEDIUM"
    },
    {
      "quarter": "2025-07 (Q3)",
      "signal": "INCREMENTAL MARGIN (YoY)",
      "detail": "YoY Incr OPM: +52.1% vs year-ago OPM: +5.3%",
      "severity": "HIGH"
    },
    {
      "quarter": "2025-01 (Q1)",
      "signal": "FCF MARGIN EXPANSION",
      "detail": "FCF margin: +16.6% -> +46.4% (+29.8%)",
      "severity": "MEDIUM"
    },
    {
      "quarter": "2024-10 (Q4)",
      "signal": "OPERATING LEVERAGE",
      "detail": "Rev growth +3.6% vs OpEx growth +1.1% (leverage: 3.4x)",
      "severity": "MEDIUM"
    },
    {
      "quarter": "2024-10 (Q4)",
      "signal": "INCREMENTAL MARGIN (YoY)",
      "detail": "YoY Incr OPM: +26.2% vs year-ago OPM: +4.7%",
      "severity": "HIGH"
    },
    {
      "quarter": "2024-07 (Q3)",
      "signal": "FCF MARGIN EXPANSION",
      "detail": "FCF margin: +14.6% -> +24.7% (+10.1%)",
      "severity": "MEDIUM"
    },
    {
      "quarter": "2024-07 (Q3)",
      "signal": "OPERATING LEVERAGE",
      "detail": "Rev growth +4.8% vs OpEx growth +2.5% (leverage: 1.9x)",
      "severity": "MEDIUM"
    },
    {
      "quarter": "2024-07 (Q3)",
      "signal": "INCREMENTAL MARGIN (YoY)",
      "detail": "YoY Incr OPM: +25.1% vs year-ago OPM: +2.0%",
      "severity": "HIGH"
    },
    {
      "quarter": "2024-04 (Q2)",
      "signal": "OP MARGIN TURNED POSITIVE (YoY)",
      "detail": "Op margin: -1.2% (year-ago) -> +3.2%",
      "severity": "HIGH"
    },
    {
      "quarter": "2024-01 (Q1)",
      "signal": "FCF MARGIN EXPANSION",
      "detail": "FCF margin: +21.0% -> +49.3% (+28.3%)",
      "severity": "MEDIUM"
    },
    {
      "quarter": "2024-01 (Q1)",
      "signal": "OP MARGIN TURNED POSITIVE (YoY)",
      "detail": "Op margin: -5.4% (year-ago) -> +4.1%",
      "severity": "HIGH"
    },
    {
      "quarter": "2023-10 (Q4)",
      "signal": "OPERATING LEVERAGE",
      "detail": "Rev growth +4.4% vs OpEx growth +1.6% (leverage: 2.8x)",
      "severity": "MEDIUM"
    },
    {
      "quarter": "2023-10 (Q4)",
      "signal": "OP MARGIN TURNED POSITIVE (YoY)",
      "detail": "Op margin: -1.6% (year-ago) -> +4.7%",
      "severity": "HIGH"
    },
    {
      "quarter": "2023-07 (Q3)",
      "signal": "FCF MARGIN EXPANSION",
      "detail": "FCF margin: +12.9% -> +20.1% (+7.2%)",
      "severity": "MEDIUM"
    },
    {
      "quarter": "2023-07 (Q3)",
      "signal": "OPERATING LEVERAGE",
      "detail": "Rev growth +6.1% vs OpEx growth +2.7% (leverage: 2.2x)",
      "severity": "MEDIUM"
    },
    {
      "quarter": "2023-07 (Q3)",
      "signal": "OP MARGIN TURNED POSITIVE (YoY)",
      "detail": "Op margin: -2.2% (year-ago) -> +2.0%",
      "severity": "HIGH"
    },
    {
      "quarter": "2023-07 (Q3)",
      "signal": "OP MARGIN TURNED POSITIVE (QoQ)",
      "detail": "Op margin: -1.2% -> +2.0%",
      "severity": "HIGH"
    },
    {
      "quarter": "2023-01 (Q1)",
      "signal": "FCF MARGIN EXPANSION",
      "detail": "FCF margin: +25.6% -> +42.2% (+16.6%)",
      "severity": "MEDIUM"
    },
    {
      "quarter": "2022-10 (Q4)",
      "signal": "FCF MARGIN EXPANSION",
      "detail": "FCF margin: +7.4% -> +25.6% (+18.1%)",
      "severity": "MEDIUM"
    },
    {
      "quarter": "2022-07 (Q3)",
      "signal": "OPERATING LEVERAGE",
      "detail": "Rev growth +7.0% vs OpEx growth +4.1% (leverage: 1.7x)",
      "severity": "MEDIUM"
    },
    {
      "quarter": "2022-04 (Q2)",
      "signal": "OPERATING LEVERAGE",
      "detail": "Rev growth +4.3% vs OpEx growth +2.1% (leverage: 2.1x)",
      "severity": "MEDIUM"
    },
    {
      "quarter": "2022-01 (Q1)",
      "signal": "FCF MARGIN EXPANSION",
      "detail": "FCF margin: +29.0% -> +44.7% (+15.7%)",
      "severity": "MEDIUM"
    },
    {
      "quarter": "2021-10 (Q4)",
      "signal": "FCF MARGIN EXPANSION",
      "detail": "FCF margin: +15.7% -> +29.0% (+13.2%)",
      "severity": "MEDIUM"
    },
    {
      "quarter": "2021-10 (Q4)",
      "signal": "OPERATING LEVERAGE",
      "detail": "Rev growth +5.3% vs OpEx growth +3.3% (leverage: 1.6x)",
      "severity": "MEDIUM"
    },
    {
      "quarter": "2021-10 (Q4)",
      "signal": "OP MARGIN TURNED POSITIVE (QoQ)",
      "detail": "Op margin: -0.1% -> +1.8%",
      "severity": "HIGH"
    },
    {
      "quarter": "2021-07 (Q3)",
      "signal": "OPERATING LEVERAGE",
      "detail": "Rev growth +7.3% vs OpEx growth +4.0% (leverage: 1.8x)",
      "severity": "MEDIUM"
    },
    {
      "quarter": "2021-04 (Q2)",
      "signal": "OPERATING LEVERAGE",
      "detail": "Rev growth +3.8% vs OpEx growth +0.7% (leverage: 5.5x)",
      "severity": "MEDIUM"
    }
  ],
  "data_quality": {
    "n_quarters": 20,
    "coverage": {
      "revenue": [
        20,
        20
      ],
      "gross_profit": [
        0,
        20
      ],
      "op_income": [
        20,
        20
      ],
      "fcf": [
        20,
        20
      ]
    },
    "gaps": [],
    "warnings": [
      "gross_profit: no data"
    ]
  },
  "market_cap": null,
  "source": "SEC EDGAR",
  "last_updated": "2026-02-02T19:59:58.181364"
}