{
  "ticker": "WDSP",
  "name": "World Scan Project, Inc.",
  "quarters": [
    {
      "date": "2021-01-31T00:00:00",
      "quarter_label": "2021-01 (Q1)",
      "revenue": 2086778,
      "gross_profit": 1324871,
      "operating_income": 728993,
      "net_income": 352429,
      "opex": 702786,
      "cogs": 761907,
      "rd": null,
      "sga": null,
      "fcf": -301581,
      "ocf": -301581,
      "capex": null,
      "gross_margin": 0.6348883302392492,
      "op_margin": 0.34933902887609514,
      "fcf_margin": -0.14451992497524893
    },
    {
      "date": "2021-04-30T00:00:00",
      "quarter_label": "2021-04 (Q2)",
      "revenue": 2483924,
      "gross_profit": 1646965,
      "operating_income": null,
      "net_income": 565687,
      "opex": 932257,
      "cogs": 836959,
      "rd": null,
      "sga": null,
      "fcf": 392663,
      "ocf": 392663,
      "capex": null,
      "gross_margin": 0.6630496746277261,
      "op_margin": null,
      "fcf_margin": 0.15808172874854465,
      "op_leverage_ratio": 0.5828666896727338,
      "fcf_margin_change": 0.30260165372379355
    },
    {
      "date": "2021-06-30T00:00:00",
      "quarter_label": "2021-06 (Q2)",
      "revenue": 2483924,
      "gross_profit": 1646965,
      "operating_income": 830783,
      "net_income": 565689,
      "opex": 932257,
      "cogs": 836959,
      "rd": null,
      "sga": null,
      "fcf": null,
      "ocf": null,
      "capex": null,
      "gross_margin": 0.6630496746277261,
      "op_margin": 0.3344639368998407,
      "fcf_margin": null
    },
    {
      "date": "2021-07-31T00:00:00",
      "quarter_label": "2021-07 (Q3)",
      "revenue": 3126603,
      "gross_profit": 1633874,
      "operating_income": null,
      "net_income": 544584,
      "opex": 827644,
      "cogs": 1492729,
      "rd": null,
      "sga": null,
      "fcf": -133026,
      "ocf": -133026,
      "capex": null,
      "gross_margin": 0.5225716216609528,
      "op_margin": null,
      "fcf_margin": -0.042546495349745396,
      "op_leverage_ratio": Infinity
    },
    {
      "date": "2021-10-31T00:00:00",
      "quarter_label": "2021-10 (Q4)",
      "revenue": 4116511,
      "gross_profit": 2188295,
      "operating_income": null,
      "net_income": 869751,
      "opex": 979066,
      "cogs": 1928216,
      "rd": null,
      "sga": null,
      "fcf": 2074141,
      "ocf": 2074141,
      "capex": null,
      "gross_margin": 0.53158973703702,
      "op_margin": null,
      "fcf_margin": 0.503858971833186,
      "op_leverage_ratio": 1.7305202541132823,
      "fcf_margin_change": 0.5464054671829314
    },
    {
      "date": "2022-01-31T00:00:00",
      "quarter_label": "2022-01 (Q1)",
      "revenue": 4930028,
      "gross_profit": 2456035,
      "operating_income": null,
      "net_income": 938541,
      "opex": 955237,
      "cogs": 2383933,
      "rd": null,
      "sga": null,
      "fcf": -626747,
      "ocf": -626747,
      "capex": null,
      "gross_margin": 0.49817871216958604,
      "op_margin": null,
      "fcf_margin": -0.12712848689703182,
      "rev_growth_yoy": 1.3625071761346919,
      "op_leverage_ratio": Infinity,
      "fcf_margin_change": -0.6309874587302178
    },
    {
      "date": "2022-04-30T00:00:00",
      "quarter_label": "2022-04 (Q2)",
      "revenue": 8266406,
      "gross_profit": 4585963,
      "operating_income": null,
      "net_income": 2147281,
      "opex": 1161020,
      "cogs": 3680443,
      "rd": null,
      "sga": null,
      "fcf": 451647,
      "ocf": 451647,
      "capex": null,
      "gross_margin": 0.5547710818945985,
      "op_margin": null,
      "fcf_margin": 0.0546364405522787,
      "rev_growth_yoy": 2.327962530254549,
      "rev_growth_yoy_accel": 0.9654553541198572,
      "op_leverage_ratio": 3.1414308523605636,
      "fcf_margin_change": 0.18176492744931053
    },
    {
      "date": "2022-07-31T00:00:00",
      "quarter_label": "2022-07 (Q3)",
      "revenue": -47570,
      "gross_profit": -244658,
      "operating_income": null,
      "net_income": -918992,
      "opex": 1167096,
      "cogs": 205279,
      "rd": null,
      "sga": null,
      "fcf": 298857,
      "ocf": 298857,
      "capex": null,
      "gross_margin": 5.143115408871137,
      "op_margin": null,
      "fcf_margin": -6.28246794198024,
      "rev_growth_yoy": -1.0152145955210814,
      "rev_growth_yoy_accel": -3.3431771257756306,
      "fcf_margin_change": -6.337104382532519
    },
    {
      "date": "2022-10-31T00:00:00",
      "quarter_label": "2022-10 (Q4)",
      "revenue": 1366311,
      "gross_profit": 11233653,
      "operating_income": null,
      "net_income": 6741952,
      "opex": 1024898,
      "cogs": 5049633,
      "rd": null,
      "sga": null,
      "fcf": 4481834,
      "ocf": 4481834,
      "capex": null,
      "gross_margin": 8.221885793205207,
      "op_margin": null,
      "fcf_margin": 3.280244395309706,
      "rev_growth_yoy": -0.6680900403278407,
      "rev_growth_yoy_accel": 0.3471245551932407,
      "fcf_margin_change": 9.562712337289947
    },
    {
      "date": "2023-01-31T00:00:00",
      "quarter_label": "2023-01 (Q1)",
      "revenue": 5257,
      "gross_profit": 7739672,
      "operating_income": null,
      "net_income": 2022241,
      "opex": 4109658,
      "cogs": 3492,
      "rd": null,
      "sga": null,
      "fcf": -4872778,
      "ocf": -4872778,
      "capex": null,
      "gross_margin": 1472.2602244626212,
      "op_margin": null,
      "fcf_margin": -926.9123073996576,
      "rev_growth_yoy": -0.9989336774557873,
      "rev_growth_yoy_accel": -0.3308436371279466,
      "fcf_margin_change": -930.1925517949674
    },
    {
      "date": "2023-04-30T00:00:00",
      "quarter_label": "2023-04 (Q2)",
      "revenue": 734,
      "gross_profit": 15517303,
      "operating_income": null,
      "net_income": 5126515,
      "opex": 8091044,
      "cogs": 628,
      "rd": null,
      "sga": null,
      "fcf": 801514,
      "ocf": 801514,
      "capex": null,
      "gross_margin": 21140.73978201635,
      "op_margin": null,
      "fcf_margin": 1091.9809264305177,
      "rev_growth_yoy": -0.9999112068775717,
      "rev_growth_yoy_accel": -0.0009775294217844177,
      "fcf_margin_change": 2018.8932338301752
    },
    {
      "date": "2023-07-31T00:00:00",
      "quarter_label": "2023-07 (Q3)",
      "revenue": 26243465,
      "gross_profit": 5028935,
      "operating_income": null,
      "net_income": -10896067,
      "opex": 22109095,
      "cogs": 20908693,
      "rd": 18431449,
      "sga": null,
      "fcf": -1794231,
      "ocf": -1794231,
      "capex": null,
      "gross_margin": 0.1916261819847341,
      "op_margin": null,
      "fcf_margin": -0.06836867768795013,
      "op_leverage_ratio": 20636.207972520613,
      "fcf_margin_change": -1092.0492951082056
    },
    {
      "date": "2023-10-31T00:00:00",
      "quarter_label": "2023-10 (Q4)",
      "revenue": -25961362,
      "gross_profit": 2565665,
      "operating_income": null,
      "net_income": 330724,
      "opex": 2026506,
      "cogs": -20777506,
      "rd": 286007,
      "sga": null,
      "fcf": 5695034,
      "ocf": 5695034,
      "capex": null,
      "gross_margin": -0.09882628654074467,
      "op_margin": null,
      "fcf_margin": -0.21936576362981264,
      "rev_growth_yoy": -20.001063447487432,
      "fcf_margin_change": -0.1509970859418625
    },
    {
      "date": "2024-01-31T00:00:00",
      "quarter_label": "2024-01 (Q1)",
      "revenue": 544025,
      "gross_profit": 1486438,
      "operating_income": null,
      "net_income": -308261,
      "opex": 1762586,
      "cogs": 319007,
      "rd": 179625,
      "sga": null,
      "fcf": -10594097,
      "ocf": -10594097,
      "capex": null,
      "gross_margin": 2.7322972289876386,
      "op_margin": null,
      "fcf_margin": -19.473548090620834,
      "rev_growth_yoy": 102.48582841925052,
      "rev_growth_yoy_accel": 122.48689186673795,
      "fcf_margin_change": -19.25418232699102
    },
    {
      "date": "2024-04-30T00:00:00",
      "quarter_label": "2024-04 (Q2)",
      "revenue": 940330,
      "gross_profit": 1415192,
      "operating_income": null,
      "net_income": 110275,
      "opex": 1321757,
      "cogs": 552405,
      "rd": 311642,
      "sga": null,
      "fcf": 5704,
      "ocf": 5704,
      "capex": null,
      "gross_margin": 1.5049950549275255,
      "op_margin": null,
      "fcf_margin": 0.00606595556878968,
      "rev_growth_yoy": 1280.1035422343325,
      "rev_growth_yoy_accel": 1177.617713815082,
      "op_leverage_ratio": Infinity,
      "fcf_margin_change": 19.479614046189624
    },
    {
      "date": "2024-07-31T00:00:00",
      "quarter_label": "2024-07 (Q3)",
      "revenue": 29654,
      "gross_profit": 571164,
      "operating_income": null,
      "net_income": -859897,
      "opex": 1474719,
      "cogs": 1779,
      "rd": 630500,
      "sga": null,
      "fcf": -860158,
      "ocf": -860158,
      "capex": null,
      "gross_margin": 19.260942874485735,
      "op_margin": null,
      "fcf_margin": -29.006474674580158,
      "rev_growth_yoy": -0.9988700425039148,
      "rev_growth_yoy_accel": -1281.1024122768365,
      "fcf_margin_change": -29.012540630148948
    },
    {
      "date": "2024-10-31T00:00:00",
      "quarter_label": "2024-10 (Q4)",
      "revenue": 23694220,
      "gross_profit": 4311518,
      "operating_income": null,
      "net_income": 289452,
      "opex": 2562660,
      "cogs": 16721215,
      "rd": null,
      "sga": null,
      "fcf": -5415869,
      "ocf": -5415869,
      "capex": null,
      "gross_margin": 0.1819649686716845,
      "op_margin": null,
      "fcf_margin": -0.2285734242359529,
      "op_leverage_ratio": 1081.7307929395095,
      "fcf_margin_change": 28.777901250344204
    },
    {
      "date": "2025-01-31T00:00:00",
      "quarter_label": "2025-01 (Q1)",
      "revenue": 4084010,
      "gross_profit": 1463344,
      "operating_income": null,
      "net_income": 101969,
      "opex": 1387354,
      "cogs": 2620666,
      "rd": 160465,
      "sga": null,
      "fcf": -5293451,
      "ocf": -5293451,
      "capex": null,
      "gross_margin": 0.3583105820015132,
      "op_margin": null,
      "fcf_margin": -1.2961405579320324,
      "rev_growth_yoy": 6.507026331510501,
      "fcf_margin_change": -1.0675671336960795
    },
    {
      "date": "2025-04-30T00:00:00",
      "quarter_label": "2025-04 (Q2)",
      "revenue": 4587644,
      "gross_profit": 1780076,
      "operating_income": null,
      "net_income": 212390,
      "opex": 1380450,
      "cogs": 2807568,
      "rd": 164565,
      "sga": null,
      "fcf": -1456419,
      "ocf": -1456419,
      "capex": null,
      "gross_margin": 0.38801528627766235,
      "op_margin": null,
      "fcf_margin": -0.3174655662034805,
      "rev_growth_yoy": 3.878759584401221,
      "rev_growth_yoy_accel": -2.6282667471092798,
      "op_leverage_ratio": Infinity,
      "fcf_margin_change": 0.978674991728552
    },
    {
      "date": "2025-07-31T00:00:00",
      "quarter_label": "2025-07 (Q3)",
      "revenue": 1585499,
      "gross_profit": 717430,
      "operating_income": null,
      "net_income": -511032,
      "opex": 1419408,
      "cogs": 868069,
      "rd": 513328,
      "sga": null,
      "fcf": 4114537,
      "ocf": 4114537,
      "capex": null,
      "gross_margin": 0.4524947666318301,
      "op_margin": null,
      "fcf_margin": 2.595105389533516,
      "rev_growth_yoy": 52.466614959196065,
      "rev_growth_yoy_accel": 48.58785537479484,
      "fcf_margin_change": 2.9125709557369963
    }
  ],
  "signals": [
    {
      "quarter": "2025-07 (Q3)",
      "signal": "FCF TURNED POSITIVE",
      "detail": "FCF margin: -31.7% -> +259.5%",
      "severity": "HIGH"
    },
    {
      "quarter": "2025-07 (Q3)",
      "signal": "YoY REVENUE GROWTH ACCELERATION",
      "detail": "YoY growth: +5246.7% vs prior quarter YoY: +387.9% (accel: +4858.8%)",
      "severity": "HIGH"
    },
    {
      "quarter": "2025-04 (Q2)",
      "signal": "FCF MARGIN EXPANSION",
      "detail": "FCF margin: -129.6% -> -31.7% (+97.9%)",
      "severity": "MEDIUM"
    },
    {
      "quarter": "2025-04 (Q2)",
      "signal": "YoY REVENUE GROWTH DECELERATION",
      "detail": "YoY growth: +387.9% vs prior quarter YoY: +650.7% (decel: -262.8%)",
      "severity": "WARNING"
    },
    {
      "quarter": "2025-01 (Q1)",
      "signal": "GROSS MARGIN INFLECTION",
      "detail": "GM: +1926.1% -> +18.2% -> +35.8% (reversal +17.6%)",
      "severity": "HIGH"
    },
    {
      "quarter": "2024-10 (Q4)",
      "signal": "FCF MARGIN EXPANSION",
      "detail": "FCF margin: -2900.6% -> -22.9% (+2877.8%)",
      "severity": "MEDIUM"
    },
    {
      "quarter": "2024-10 (Q4)",
      "signal": "OPERATING LEVERAGE",
      "detail": "Rev growth +79802.3% vs OpEx growth +73.8% (leverage: 1081.7x)",
      "severity": "MEDIUM"
    },
    {
      "quarter": "2024-07 (Q3)",
      "signal": "GROSS MARGIN INFLECTION",
      "detail": "GM: +273.2% -> +150.5% -> +1926.1% (reversal +1775.6%)",
      "severity": "HIGH"
    },
    {
      "quarter": "2024-07 (Q3)",
      "signal": "YoY REVENUE GROWTH DECELERATION",
      "detail": "YoY growth: -99.9% vs prior quarter YoY: +128010.4% (decel: -128110.2%)",
      "severity": "WARNING"
    },
    {
      "quarter": "2024-04 (Q2)",
      "signal": "FCF TURNED POSITIVE",
      "detail": "FCF margin: -1947.4% -> +0.6%",
      "severity": "HIGH"
    },
    {
      "quarter": "2024-04 (Q2)",
      "signal": "YoY REVENUE GROWTH ACCELERATION",
      "detail": "YoY growth: +128010.4% vs prior quarter YoY: +10248.6% (accel: +117761.8%)",
      "severity": "HIGH"
    },
    {
      "quarter": "2024-01 (Q1)",
      "signal": "GROSS MARGIN INFLECTION",
      "detail": "GM: +19.2% -> -9.9% -> +273.2% (reversal +283.1%)",
      "severity": "HIGH"
    },
    {
      "quarter": "2024-01 (Q1)",
      "signal": "YoY REVENUE GROWTH ACCELERATION",
      "detail": "YoY growth: +10248.6% vs prior quarter YoY: -2000.1% (accel: +12248.7%)",
      "severity": "HIGH"
    },
    {
      "quarter": "2023-07 (Q3)",
      "signal": "OPERATING LEVERAGE",
      "detail": "Rev growth +3575304.0% vs OpEx growth +173.3% (leverage: 20636.2x)",
      "severity": "MEDIUM"
    },
    {
      "quarter": "2023-04 (Q2)",
      "signal": "FCF TURNED POSITIVE",
      "detail": "FCF margin: -92691.2% -> +109198.1%",
      "severity": "HIGH"
    },
    {
      "quarter": "2023-01 (Q1)",
      "signal": "YoY REVENUE GROWTH DECELERATION",
      "detail": "YoY growth: -99.9% vs prior quarter YoY: -66.8% (decel: -33.1%)",
      "severity": "WARNING"
    },
    {
      "quarter": "2022-10 (Q4)",
      "signal": "FCF TURNED POSITIVE",
      "detail": "FCF margin: -628.2% -> +328.0%",
      "severity": "HIGH"
    },
    {
      "quarter": "2022-10 (Q4)",
      "signal": "YoY REVENUE GROWTH ACCELERATION",
      "detail": "YoY growth: -66.8% vs prior quarter YoY: -101.5% (accel: +34.7%)",
      "severity": "HIGH"
    },
    {
      "quarter": "2022-07 (Q3)",
      "signal": "YoY REVENUE GROWTH DECELERATION",
      "detail": "YoY growth: -101.5% vs prior quarter YoY: +232.8% (decel: -334.3%)",
      "severity": "WARNING"
    },
    {
      "quarter": "2022-04 (Q2)",
      "signal": "FCF TURNED POSITIVE",
      "detail": "FCF margin: -12.7% -> +5.5%",
      "severity": "HIGH"
    },
    {
      "quarter": "2022-04 (Q2)",
      "signal": "OPERATING LEVERAGE",
      "detail": "Rev growth +67.7% vs OpEx growth +21.5% (leverage: 3.1x)",
      "severity": "MEDIUM"
    },
    {
      "quarter": "2022-04 (Q2)",
      "signal": "GROSS MARGIN INFLECTION",
      "detail": "GM: +53.2% -> +49.8% -> +55.5% (reversal +5.7%)",
      "severity": "HIGH"
    },
    {
      "quarter": "2022-04 (Q2)",
      "signal": "YoY REVENUE GROWTH ACCELERATION",
      "detail": "YoY growth: +232.8% vs prior quarter YoY: +136.3% (accel: +96.5%)",
      "severity": "HIGH"
    },
    {
      "quarter": "2021-10 (Q4)",
      "signal": "FCF TURNED POSITIVE",
      "detail": "FCF margin: -4.3% -> +50.4%",
      "severity": "HIGH"
    },
    {
      "quarter": "2021-10 (Q4)",
      "signal": "OPERATING LEVERAGE",
      "detail": "Rev growth +31.7% vs OpEx growth +18.3% (leverage: 1.7x)",
      "severity": "MEDIUM"
    },
    {
      "quarter": "2021-04 (Q2)",
      "signal": "FCF TURNED POSITIVE",
      "detail": "FCF margin: -14.5% -> +15.8%",
      "severity": "HIGH"
    }
  ],
  "data_quality": {
    "n_quarters": 20,
    "coverage": {
      "revenue": [
        20,
        20
      ],
      "gross_profit": [
        20,
        20
      ],
      "op_income": [
        2,
        20
      ],
      "fcf": [
        19,
        20
      ]
    },
    "gaps": [],
    "warnings": [
      "op_income: 2/20Q"
    ]
  },
  "market_cap": null,
  "source": "SEC EDGAR",
  "last_updated": "2026-02-03T00:52:31.279009"
}