{
  "ticker": "WELL",
  "name": "WELLTOWER INC.",
  "sector": "Real Estate",
  "industry": "REIT - Healthcare Facilities",
  "quarters": [
    {
      "date": "2021-03-31T00:00:00",
      "quarter_label": "2021-03 (Q1)",
      "revenue": 1052062000,
      "gross_profit": 434736000,
      "operating_income": null,
      "net_income": null,
      "opex": 1048056000,
      "cogs": 617326000,
      "rd": null,
      "sga": 29926000,
      "fcf": 303658000,
      "ocf": 303658000,
      "capex": null,
      "gross_margin": 0.41322279485429564,
      "op_margin": null,
      "fcf_margin": 0.28863127838473396
    },
    {
      "date": "2021-06-30T00:00:00",
      "quarter_label": "2021-06 (Q2)",
      "revenue": 1140992000,
      "gross_profit": 498335000,
      "operating_income": null,
      "net_income": null,
      "opex": 1134148000,
      "cogs": 642657000,
      "rd": null,
      "sga": 31436000,
      "fcf": 335255000,
      "ocf": 335255000,
      "capex": null,
      "gross_margin": 0.4367559106461746,
      "op_margin": null,
      "fcf_margin": 0.2938276517276195,
      "op_leverage_ratio": 1.0290314532068365,
      "fcf_margin_change": 0.00519637334288553
    },
    {
      "date": "2021-09-30T00:00:00",
      "quarter_label": "2021-09 (Q3)",
      "revenue": 1239797000,
      "gross_profit": 510397000,
      "operating_income": null,
      "net_income": null,
      "opex": 1148643000,
      "cogs": 729400000,
      "rd": null,
      "sga": 32256000,
      "fcf": 353082000,
      "ocf": 353082000,
      "capex": null,
      "gross_margin": 0.4116778795238253,
      "op_margin": null,
      "fcf_margin": 0.28479017129417156,
      "op_leverage_ratio": 6.775601175219372,
      "fcf_margin_change": -0.00903748043344793
    },
    {
      "date": "2021-12-31T00:00:00",
      "quarter_label": "2021-12 (Q4)",
      "revenue": 1309264000,
      "gross_profit": 524085000,
      "operating_income": null,
      "net_income": null,
      "opex": 1240518000,
      "cogs": 785179000,
      "rd": null,
      "sga": 33109000,
      "fcf": 283330000,
      "ocf": 283330000,
      "capex": null,
      "gross_margin": 0.4002897811289396,
      "op_margin": null,
      "fcf_margin": 0.2164040254677437,
      "op_leverage_ratio": 0.700512163885684,
      "fcf_margin_change": -0.06838614582642785
    },
    {
      "date": "2022-03-31T00:00:00",
      "quarter_label": "2022-03 (Q1)",
      "revenue": 1395704000,
      "gross_profit": 542035000,
      "operating_income": null,
      "net_income": null,
      "opex": 1344990000,
      "cogs": 853669000,
      "rd": null,
      "sga": 37706000,
      "fcf": 324520000,
      "ocf": 324520000,
      "capex": null,
      "gross_margin": 0.3883595662117469,
      "op_margin": null,
      "fcf_margin": 0.2325134842344795,
      "rev_growth_yoy": 0.3266366430875747,
      "op_leverage_ratio": 0.7839542035147918,
      "fcf_margin_change": 0.016109458766735807
    },
    {
      "date": "2022-06-30T00:00:00",
      "quarter_label": "2022-06 (Q2)",
      "revenue": 1472536000,
      "gross_profit": 618453000,
      "operating_income": null,
      "net_income": null,
      "opex": 1363209000,
      "cogs": 854083000,
      "rd": null,
      "sga": 36554000,
      "fcf": 394811000,
      "ocf": 394811000,
      "capex": null,
      "gross_margin": 0.4199917693013957,
      "op_margin": null,
      "fcf_margin": 0.26811636523657145,
      "rev_growth_yoy": 0.2905752187570114,
      "rev_growth_yoy_accel": -0.03606142433056325,
      "op_leverage_ratio": 4.063903012932822,
      "fcf_margin_change": 0.03560288100209194
    },
    {
      "date": "2022-09-30T00:00:00",
      "quarter_label": "2022-09 (Q3)",
      "revenue": 1473844000,
      "gross_profit": 561664000,
      "operating_income": null,
      "net_income": null,
      "opex": 1467606000,
      "cogs": 912180000,
      "rd": null,
      "sga": 34811000,
      "fcf": 355991000,
      "ocf": 355991000,
      "capex": null,
      "gross_margin": 0.38108782204900926,
      "op_margin": null,
      "fcf_margin": 0.24153913168557867,
      "rev_growth_yoy": 0.18877848551012788,
      "rev_growth_yoy_accel": -0.10179673324688354,
      "fcf_margin_change": -0.026577233550992785
    },
    {
      "date": "2022-12-31T00:00:00",
      "quarter_label": "2022-12 (Q4)",
      "revenue": 1518531000,
      "gross_profit": 579693000,
      "operating_income": null,
      "net_income": null,
      "opex": 1511748000,
      "cogs": 938838000,
      "rd": null,
      "sga": 41319000,
      "fcf": 253386000,
      "ocf": 253386000,
      "capex": null,
      "gross_margin": 0.3817459110153168,
      "op_margin": null,
      "fcf_margin": 0.16686257969050353,
      "rev_growth_yoy": 0.15983560229258575,
      "rev_growth_yoy_accel": -0.028942883217542126,
      "op_leverage_ratio": 1.0080617921416137,
      "fcf_margin_change": -0.07467655199507514
    },
    {
      "date": "2023-03-31T00:00:00",
      "quarter_label": "2023-03 (Q1)",
      "revenue": 1560729000,
      "gross_profit": 602976000,
      "operating_income": null,
      "net_income": null,
      "opex": 1522725000,
      "cogs": 957753000,
      "rd": null,
      "sga": 44371000,
      "fcf": 376058000,
      "ocf": 376058000,
      "capex": null,
      "gross_margin": 0.3863425360840992,
      "op_margin": null,
      "fcf_margin": 0.24095022262032678,
      "rev_growth_yoy": 0.11823782119991058,
      "rev_growth_yoy_accel": -0.04159778109267517,
      "op_leverage_ratio": 3.827048306333153,
      "fcf_margin_change": 0.07408764292982326
    },
    {
      "date": "2023-06-30T00:00:00",
      "quarter_label": "2023-06 (Q2)",
      "revenue": 1665478000,
      "gross_profit": 706806000,
      "operating_income": null,
      "net_income": null,
      "opex": 1513133000,
      "cogs": 958672000,
      "rd": null,
      "sga": 44287000,
      "fcf": 416245000,
      "ocf": 416245000,
      "capex": null,
      "gross_margin": 0.4243862722893968,
      "op_margin": null,
      "fcf_margin": 0.2499252466859364,
      "rev_growth_yoy": 0.13102701733607872,
      "rev_growth_yoy_accel": 0.012789196136168135,
      "op_leverage_ratio": null,
      "fcf_margin_change": 0.008975024065609627
    },
    {
      "date": "2023-09-30T00:00:00",
      "quarter_label": "2023-09 (Q3)",
      "revenue": 1662013000,
      "gross_profit": 666740000,
      "operating_income": null,
      "net_income": null,
      "opex": 1589778000,
      "cogs": 995273000,
      "rd": null,
      "sga": 46106000,
      "fcf": 439056000,
      "ocf": 439056000,
      "capex": null,
      "gross_margin": 0.4011641304851406,
      "op_margin": null,
      "fcf_margin": 0.26417121887734935,
      "rev_growth_yoy": 0.1276722638216799,
      "rev_growth_yoy_accel": -0.003354753514398817,
      "fcf_margin_change": 0.014245972191412937
    },
    {
      "date": "2023-12-31T00:00:00",
      "quarter_label": "2023-12 (Q4)",
      "revenue": 1749775000,
      "gross_profit": 713697000,
      "operating_income": null,
      "net_income": null,
      "opex": 1662312000,
      "cogs": 1036078000,
      "rd": null,
      "sga": 44327000,
      "fcf": 370502000,
      "ocf": 370502000,
      "capex": null,
      "gross_margin": 0.4078792987669843,
      "op_margin": null,
      "fcf_margin": 0.2117426526267663,
      "rev_growth_yoy": 0.15228138246766118,
      "rev_growth_yoy_accel": 0.02460911864598128,
      "op_leverage_ratio": 1.1573559537427127,
      "fcf_margin_change": -0.052428566250583036
    },
    {
      "date": "2024-03-31T00:00:00",
      "quarter_label": "2024-03 (Q1)",
      "revenue": 1859741000,
      "gross_profit": 762828000,
      "operating_income": null,
      "net_income": null,
      "opex": 1718840000,
      "cogs": 1096913000,
      "rd": null,
      "sga": 53318000,
      "fcf": 406806000,
      "ocf": 406806000,
      "capex": null,
      "gross_margin": 0.410179697065344,
      "op_margin": null,
      "fcf_margin": 0.2187433626510358,
      "rev_growth_yoy": 0.19158482990961276,
      "rev_growth_yoy_accel": 0.03930344744195158,
      "op_leverage_ratio": 1.8480986109398405,
      "fcf_margin_change": 0.007000710024269496
    },
    {
      "date": "2024-06-30T00:00:00",
      "quarter_label": "2024-06 (Q2)",
      "revenue": 1824884000,
      "gross_profit": 713587000,
      "operating_income": null,
      "net_income": null,
      "opex": 1734452000,
      "cogs": 1111297000,
      "rd": null,
      "sga": 55565000,
      "fcf": 605419000,
      "ocf": 605419000,
      "capex": null,
      "gross_margin": 0.3910314299429443,
      "op_margin": null,
      "fcf_margin": 0.3317575254098343,
      "rev_growth_yoy": 0.09571186169976427,
      "rev_growth_yoy_accel": -0.09587296820984849,
      "fcf_margin_change": 0.11301416275879847
    },
    {
      "date": "2024-09-30T00:00:00",
      "quarter_label": "2024-09 (Q3)",
      "revenue": 2055663000,
      "gross_profit": 842962000,
      "operating_income": null,
      "net_income": null,
      "opex": 1871797000,
      "cogs": 1212701000,
      "rd": null,
      "sga": 77901000,
      "fcf": 684984000,
      "ocf": 684984000,
      "capex": null,
      "gross_margin": 0.410068187246645,
      "op_margin": null,
      "fcf_margin": 0.33321804206234196,
      "rev_growth_yoy": 0.23685133630122027,
      "rev_growth_yoy_accel": 0.14113947460145598,
      "op_leverage_ratio": 1.5970203696359861,
      "fcf_margin_change": 0.0014605166525076818
    },
    {
      "date": "2024-12-31T00:00:00",
      "quarter_label": "2024-12 (Q4)",
      "revenue": 2250830000,
      "gross_profit": 841530000,
      "operating_income": null,
      "net_income": null,
      "opex": 2141587000,
      "cogs": 1409300000,
      "rd": null,
      "sga": 48707000,
      "fcf": 559212000,
      "ocf": 559212000,
      "capex": null,
      "gross_margin": 0.37387541484696757,
      "op_margin": null,
      "fcf_margin": 0.24844701732249883,
      "rev_growth_yoy": 0.28635395979483075,
      "rev_growth_yoy_accel": 0.04950262349361048,
      "op_leverage_ratio": 0.6586995490562438,
      "fcf_margin_change": -0.08477102473984313
    },
    {
      "date": "2025-03-31T00:00:00",
      "quarter_label": "2025-03 (Q1)",
      "revenue": 2423087000,
      "gross_profit": 960697000,
      "operating_income": null,
      "net_income": null,
      "opex": 2224380000,
      "cogs": 1462390000,
      "rd": null,
      "sga": 63758000,
      "fcf": 598958000,
      "ocf": 598958000,
      "capex": null,
      "gross_margin": 0.39647647814544007,
      "op_margin": null,
      "fcf_margin": 0.24718798788487578,
      "rev_growth_yoy": 0.3029163738391529,
      "rev_growth_yoy_accel": 0.016562414044322127,
      "op_leverage_ratio": 1.9795947198591277,
      "fcf_margin_change": -0.0012590294376230438
    },
    {
      "date": "2025-06-30T00:00:00",
      "quarter_label": "2025-06 (Q2)",
      "revenue": 2548244000,
      "gross_profit": 1033533000,
      "operating_income": null,
      "net_income": null,
      "opex": 2250031000,
      "cogs": 1514711000,
      "rd": null,
      "sga": 64175000,
      "fcf": 770034000,
      "ocf": 770034000,
      "capex": null,
      "gross_margin": 0.40558635672251164,
      "op_margin": null,
      "fcf_margin": 0.30218220861110634,
      "rev_growth_yoy": 0.39638683883468756,
      "rev_growth_yoy_accel": 0.09347046499553469,
      "op_leverage_ratio": 4.479100611867994,
      "fcf_margin_change": 0.05499422072623056
    },
    {
      "date": "2025-09-30T00:00:00",
      "quarter_label": "2025-09 (Q3)",
      "revenue": 2685692000,
      "gross_profit": 1108644000,
      "operating_income": null,
      "net_income": null,
      "opex": 2392586000,
      "cogs": 1577048000,
      "rd": null,
      "sga": 63124000,
      "fcf": 858356000,
      "ocf": 858356000,
      "capex": null,
      "gross_margin": 0.4127964040552677,
      "op_margin": null,
      "fcf_margin": 0.31960329032517504,
      "rev_growth_yoy": 0.3064845745630485,
      "rev_growth_yoy_accel": -0.08990226427163905,
      "op_leverage_ratio": 0.8513408285512798,
      "fcf_margin_change": 0.017421081714068698
    },
    {
      "date": "2025-12-31T00:00:00",
      "quarter_label": "2025-12 (Q4)",
      "revenue": 3181011000,
      "gross_profit": 1247079000,
      "operating_income": null,
      "net_income": null,
      "opex": 4451062000,
      "cogs": 1933932000,
      "rd": null,
      "sga": 1557378000,
      "fcf": 654329000,
      "ocf": 654329000,
      "capex": null,
      "gross_margin": 0.39203856887008565,
      "op_margin": null,
      "fcf_margin": 0.20569843989851025,
      "rev_growth_yoy": 0.41326133026483564,
      "rev_growth_yoy_accel": 0.10677675570178713,
      "op_leverage_ratio": 0.21436334792744344,
      "fcf_margin_change": -0.11390485042666479
    }
  ],
  "signals": [
    {
      "quarter": "2025-12 (Q4)",
      "signal": "YoY REVENUE GROWTH ACCELERATION",
      "detail": "YoY growth: +41.3% vs prior quarter YoY: +30.6% (accel: +10.7%)",
      "severity": "MEDIUM"
    },
    {
      "quarter": "2025-09 (Q3)",
      "signal": "YoY REVENUE GROWTH DECELERATION",
      "detail": "YoY growth: +30.6% vs prior quarter YoY: +39.6% (decel: -9.0%)",
      "severity": "WARNING"
    },
    {
      "quarter": "2025-06 (Q2)",
      "signal": "FCF MARGIN EXPANSION",
      "detail": "FCF margin: +24.7% -> +30.2% (+5.5%)",
      "severity": "MEDIUM"
    },
    {
      "quarter": "2025-06 (Q2)",
      "signal": "OPERATING LEVERAGE",
      "detail": "Rev growth +5.2% vs OpEx growth +1.2% (leverage: 4.5x)",
      "severity": "MEDIUM"
    },
    {
      "quarter": "2025-06 (Q2)",
      "signal": "YoY REVENUE GROWTH ACCELERATION",
      "detail": "YoY growth: +39.6% vs prior quarter YoY: +30.3% (accel: +9.3%)",
      "severity": "MEDIUM"
    },
    {
      "quarter": "2025-03 (Q1)",
      "signal": "OPERATING LEVERAGE",
      "detail": "Rev growth +7.7% vs OpEx growth +3.9% (leverage: 2.0x)",
      "severity": "MEDIUM"
    },
    {
      "quarter": "2025-03 (Q1)",
      "signal": "GROSS MARGIN INFLECTION",
      "detail": "GM: +41.0% -> +37.4% -> +39.6% (reversal +2.3%)",
      "severity": "MEDIUM"
    },
    {
      "quarter": "2024-09 (Q3)",
      "signal": "OPERATING LEVERAGE",
      "detail": "Rev growth +12.6% vs OpEx growth +7.9% (leverage: 1.6x)",
      "severity": "MEDIUM"
    },
    {
      "quarter": "2024-09 (Q3)",
      "signal": "YoY REVENUE GROWTH ACCELERATION",
      "detail": "YoY growth: +23.7% vs prior quarter YoY: +9.6% (accel: +14.1%)",
      "severity": "MEDIUM"
    },
    {
      "quarter": "2024-06 (Q2)",
      "signal": "FCF MARGIN EXPANSION",
      "detail": "FCF margin: +21.9% -> +33.2% (+11.3%)",
      "severity": "MEDIUM"
    },
    {
      "quarter": "2024-06 (Q2)",
      "signal": "YoY REVENUE GROWTH DECELERATION",
      "detail": "YoY growth: +9.6% vs prior quarter YoY: +19.2% (decel: -9.6%)",
      "severity": "WARNING"
    },
    {
      "quarter": "2024-03 (Q1)",
      "signal": "OPERATING LEVERAGE",
      "detail": "Rev growth +6.3% vs OpEx growth +3.4% (leverage: 1.8x)",
      "severity": "MEDIUM"
    },
    {
      "quarter": "2023-03 (Q1)",
      "signal": "FCF MARGIN EXPANSION",
      "detail": "FCF margin: +16.7% -> +24.1% (+7.4%)",
      "severity": "MEDIUM"
    },
    {
      "quarter": "2023-03 (Q1)",
      "signal": "OPERATING LEVERAGE",
      "detail": "Rev growth +2.8% vs OpEx growth +0.7% (leverage: 3.8x)",
      "severity": "MEDIUM"
    },
    {
      "quarter": "2022-09 (Q3)",
      "signal": "YoY REVENUE GROWTH DECELERATION",
      "detail": "YoY growth: +18.9% vs prior quarter YoY: +29.1% (decel: -10.2%)",
      "severity": "WARNING"
    },
    {
      "quarter": "2022-06 (Q2)",
      "signal": "OPERATING LEVERAGE",
      "detail": "Rev growth +5.5% vs OpEx growth +1.4% (leverage: 4.1x)",
      "severity": "MEDIUM"
    },
    {
      "quarter": "2022-06 (Q2)",
      "signal": "GROSS MARGIN INFLECTION",
      "detail": "GM: +40.0% -> +38.8% -> +42.0% (reversal +3.2%)",
      "severity": "MEDIUM"
    },
    {
      "quarter": "2021-09 (Q3)",
      "signal": "OPERATING LEVERAGE",
      "detail": "Rev growth +8.7% vs OpEx growth +1.3% (leverage: 6.8x)",
      "severity": "MEDIUM"
    }
  ],
  "data_quality": {
    "n_quarters": 20,
    "coverage": {
      "revenue": [
        20,
        20
      ],
      "gross_profit": [
        20,
        20
      ],
      "op_income": [
        0,
        20
      ],
      "fcf": [
        20,
        20
      ]
    },
    "gaps": [],
    "warnings": [
      "op_income: no data"
    ]
  },
  "market_cap": null,
  "source": "SEC EDGAR",
  "last_updated": "2026-02-24T10:50:27.757081"
}