{
  "ticker": "WELPP",
  "name": "WISCONSIN ELECTRIC POWER COMPANY",
  "sector": "",
  "industry": "",
  "quarters": [
    {
      "date": "2021-03-31T00:00:00",
      "quarter_label": "2021-03 (Q1)",
      "revenue": 1005200000,
      "gross_profit": 601000000,
      "operating_income": 255600000,
      "net_income": null,
      "opex": 345400000,
      "cogs": 404200000,
      "rd": null,
      "sga": null,
      "fcf": 22600000,
      "ocf": 203200000,
      "capex": -180600000,
      "gross_margin": 0.5978909669717469,
      "op_margin": 0.2542777556705133,
      "fcf_margin": 0.02248308794269797
    },
    {
      "date": "2021-06-30T00:00:00",
      "quarter_label": "2021-06 (Q2)",
      "revenue": 827500000,
      "gross_profit": 551100000,
      "operating_income": 200000000,
      "net_income": null,
      "opex": 351100000,
      "cogs": 276400000,
      "rd": null,
      "sga": null,
      "fcf": 63500000,
      "ocf": 270500000,
      "capex": -207000000,
      "gross_margin": 0.6659818731117825,
      "op_margin": 0.24169184290030213,
      "fcf_margin": 0.07673716012084592,
      "fcf_margin_change": 0.05425407217814794
    },
    {
      "date": "2021-09-30T00:00:00",
      "quarter_label": "2021-09 (Q3)",
      "revenue": 958800000,
      "gross_profit": 622100000,
      "operating_income": 260900000,
      "net_income": null,
      "opex": 361200000,
      "cogs": 336700000,
      "rd": null,
      "sga": null,
      "fcf": 119700000,
      "ocf": 358000000,
      "capex": -238300000,
      "gross_margin": 0.6488318731748018,
      "op_margin": 0.27211097204839385,
      "fcf_margin": 0.12484355444305381,
      "op_leverage_ratio": 5.5157703927492445,
      "fcf_margin_change": 0.048106394322207896
    },
    {
      "date": "2021-12-31T00:00:00",
      "quarter_label": "2021-12 (Q4)",
      "revenue": 873000000,
      "gross_profit": 549200000,
      "operating_income": 152200000,
      "net_income": null,
      "opex": 397000000,
      "cogs": 323800000,
      "rd": null,
      "sga": null,
      "fcf": -216900000,
      "ocf": -29500000,
      "capex": -187400000,
      "gross_margin": 0.6290950744558992,
      "op_margin": 0.17434135166093928,
      "fcf_margin": -0.24845360824742269,
      "fcf_margin_change": -0.3732971626904765
    },
    {
      "date": "2022-03-31T00:00:00",
      "quarter_label": "2022-03 (Q1)",
      "revenue": 1072000000,
      "gross_profit": 627800000,
      "operating_income": 289100000,
      "net_income": null,
      "opex": 338700000,
      "cogs": 444200000,
      "rd": null,
      "sga": null,
      "fcf": 168700000,
      "ocf": 308200000,
      "capex": -139500000,
      "gross_margin": 0.5856343283582089,
      "op_margin": 0.26968283582089553,
      "fcf_margin": 0.15736940298507462,
      "incr_op_margin_yoy": 0.5014970059880239,
      "rev_growth_yoy": 0.06645443692797454,
      "op_leverage_ratio": null,
      "fcf_margin_change": 0.4058230112324973
    },
    {
      "date": "2022-06-30T00:00:00",
      "quarter_label": "2022-06 (Q2)",
      "revenue": 943500000,
      "gross_profit": 558000000,
      "operating_income": 206500000,
      "net_income": null,
      "opex": 351500000,
      "cogs": 385500000,
      "rd": null,
      "sga": null,
      "fcf": -137500000,
      "ocf": 142300000,
      "capex": -279800000,
      "gross_margin": 0.5914149443561209,
      "op_margin": 0.21886592474827768,
      "fcf_margin": -0.14573396926338103,
      "incr_op_margin_yoy": 0.05603448275862069,
      "rev_growth_yoy": 0.14018126888217522,
      "rev_growth_yoy_accel": 0.07372683195420068,
      "fcf_margin_change": -0.3031033722484556
    },
    {
      "date": "2022-09-30T00:00:00",
      "quarter_label": "2022-09 (Q3)",
      "revenue": 1081900000,
      "gross_profit": 622800000,
      "operating_income": 273200000,
      "net_income": null,
      "opex": 349600000,
      "cogs": 459100000,
      "rd": null,
      "sga": null,
      "fcf": -61400000,
      "ocf": 223300000,
      "capex": -284700000,
      "gross_margin": 0.5756539421388298,
      "op_margin": 0.2525187170718181,
      "fcf_margin": -0.05675201035215824,
      "incr_op_margin_yoy": 0.09991876523151909,
      "rev_growth_yoy": 0.12838965373383396,
      "rev_growth_yoy_accel": -0.011791615148341261,
      "op_leverage_ratio": null,
      "fcf_margin_change": 0.08898195891122279
    },
    {
      "date": "2022-12-31T00:00:00",
      "quarter_label": "2022-12 (Q4)",
      "revenue": 972900000,
      "gross_profit": 568400000,
      "operating_income": 171200000,
      "net_income": null,
      "opex": 397200000,
      "cogs": 404500000,
      "rd": null,
      "sga": null,
      "fcf": -263200000,
      "ocf": -36800000,
      "capex": -226400000,
      "gross_margin": 0.5842327063418645,
      "op_margin": 0.17596875321204647,
      "fcf_margin": -0.27053140096618356,
      "incr_op_margin_yoy": 0.19019019019019018,
      "rev_growth_yoy": 0.11443298969072165,
      "rev_growth_yoy_accel": -0.013956664043112313,
      "fcf_margin_change": -0.21377939061402532
    },
    {
      "date": "2023-03-31T00:00:00",
      "quarter_label": "2023-03 (Q1)",
      "revenue": 1091900000,
      "gross_profit": 647400000,
      "operating_income": 257400000,
      "net_income": null,
      "opex": 390000000,
      "cogs": 444500000,
      "rd": null,
      "sga": null,
      "fcf": 6800000,
      "ocf": 215500000,
      "capex": -208700000,
      "gross_margin": 0.5929114387764447,
      "op_margin": 0.23573587324846598,
      "fcf_margin": 0.006227676527154501,
      "incr_op_margin_yoy": -1.592964824120603,
      "rev_growth_yoy": 0.018563432835820896,
      "rev_growth_yoy_accel": -0.09586955685490076,
      "op_leverage_ratio": null,
      "fcf_margin_change": 0.27675907749333806
    },
    {
      "date": "2023-06-30T00:00:00",
      "quarter_label": "2023-06 (Q2)",
      "revenue": 900300000,
      "gross_profit": 607800000,
      "operating_income": 244100000,
      "net_income": null,
      "opex": 363700000,
      "cogs": 292500000,
      "rd": null,
      "sga": null,
      "fcf": -16300000,
      "ocf": 242800000,
      "capex": -259100000,
      "gross_margin": 0.6751082972342553,
      "op_margin": 0.27113184494057535,
      "fcf_margin": -0.018105076085749194,
      "incr_op_margin_yoy": -0.8703703703703703,
      "rev_growth_yoy": -0.045786963434022256,
      "rev_growth_yoy_accel": -0.06435039626984315,
      "fcf_margin_change": -0.024332752612903696
    },
    {
      "date": "2023-09-30T00:00:00",
      "quarter_label": "2023-09 (Q3)",
      "revenue": 1103100000,
      "gross_profit": 708800000,
      "operating_income": 310900000,
      "net_income": null,
      "opex": 397900000,
      "cogs": 394300000,
      "rd": null,
      "sga": null,
      "fcf": 77200000,
      "ocf": 350700000,
      "capex": -273500000,
      "gross_margin": 0.6425528057293083,
      "op_margin": 0.28184208140694406,
      "fcf_margin": 0.0699845888858671,
      "incr_op_margin_yoy": 1.778301886792453,
      "rev_growth_yoy": 0.019595156668823367,
      "rev_growth_yoy_accel": 0.06538212010284562,
      "op_leverage_ratio": 2.395509489039716,
      "fcf_margin_change": 0.0880896649716163
    },
    {
      "date": "2023-12-31T00:00:00",
      "quarter_label": "2023-12 (Q4)",
      "revenue": 949700000,
      "gross_profit": 629600000,
      "operating_income": 209800000,
      "net_income": null,
      "opex": 419800000,
      "cogs": 320100000,
      "rd": null,
      "sga": null,
      "fcf": -223200000,
      "ocf": 130100000,
      "capex": -353300000,
      "gross_margin": 0.6629461935348004,
      "op_margin": 0.22091186690533854,
      "fcf_margin": -0.23502158576392546,
      "incr_op_margin_yoy": -1.6637931034482758,
      "rev_growth_yoy": -0.02384623291191284,
      "rev_growth_yoy_accel": -0.043441389580736206,
      "fcf_margin_change": -0.30500617464979257
    },
    {
      "date": "2024-03-31T00:00:00",
      "quarter_label": "2024-03 (Q1)",
      "revenue": 1038800000,
      "gross_profit": 686600000,
      "operating_income": 274600000,
      "net_income": null,
      "opex": 412000000,
      "cogs": 352200000,
      "rd": null,
      "sga": null,
      "fcf": 166400000,
      "ocf": 369400000,
      "capex": -203000000,
      "gross_margin": 0.6609549480169427,
      "op_margin": 0.26434347323835194,
      "fcf_margin": 0.1601848286484405,
      "incr_op_margin_yoy": -0.3239171374764595,
      "rev_growth_yoy": -0.04863082699880941,
      "rev_growth_yoy_accel": -0.024784594086896573,
      "op_leverage_ratio": null,
      "fcf_margin_change": 0.3952064144123659
    },
    {
      "date": "2024-06-30T00:00:00",
      "quarter_label": "2024-06 (Q2)",
      "revenue": 902000000,
      "gross_profit": 622100000,
      "operating_income": 213400000,
      "net_income": null,
      "opex": 408700000,
      "cogs": 279900000,
      "rd": null,
      "sga": null,
      "fcf": -97900000,
      "ocf": 247400000,
      "capex": -345300000,
      "gross_margin": 0.689689578713969,
      "op_margin": 0.23658536585365852,
      "fcf_margin": -0.10853658536585366,
      "incr_op_margin_yoy": -18.058823529411764,
      "rev_growth_yoy": 0.0018882594690658669,
      "rev_growth_yoy_accel": 0.05051908646787528,
      "fcf_margin_change": -0.26872141401429417
    },
    {
      "date": "2024-09-30T00:00:00",
      "quarter_label": "2024-09 (Q3)",
      "revenue": 1079300000,
      "gross_profit": 725400000,
      "operating_income": 321300000,
      "net_income": null,
      "opex": 404100000,
      "cogs": 353900000,
      "rd": null,
      "sga": null,
      "fcf": -52400000,
      "ocf": 387300000,
      "capex": -439700000,
      "gross_margin": 0.6721022885203373,
      "op_margin": 0.29769294913369776,
      "fcf_margin": -0.04854998610210322,
      "incr_op_margin_yoy": -0.4369747899159664,
      "rev_growth_yoy": -0.021575559786057474,
      "rev_growth_yoy_accel": -0.02346381925512334,
      "op_leverage_ratio": null,
      "fcf_margin_change": 0.05998659926375044
    },
    {
      "date": "2024-12-31T00:00:00",
      "quarter_label": "2024-12 (Q4)",
      "revenue": 959800000,
      "gross_profit": 645500000,
      "operating_income": 251900000,
      "net_income": null,
      "opex": 393600000,
      "cogs": 314300000,
      "rd": null,
      "sga": null,
      "fcf": -194300000,
      "ocf": 260400000,
      "capex": -454700000,
      "gross_margin": 0.6725359449885393,
      "op_margin": 0.26245051052302565,
      "fcf_margin": -0.20243800791831632,
      "incr_op_margin_yoy": 4.1683168316831685,
      "rev_growth_yoy": 0.010634937348636412,
      "rev_growth_yoy_accel": 0.032210497134693886,
      "fcf_margin_change": -0.15388802181621308
    },
    {
      "date": "2025-03-31T00:00:00",
      "quarter_label": "2025-03 (Q1)",
      "revenue": 1179100000,
      "gross_profit": 779500000,
      "operating_income": 345600000,
      "net_income": null,
      "opex": 433900000,
      "cogs": 399600000,
      "rd": null,
      "sga": null,
      "fcf": -26200000,
      "ocf": 391700000,
      "capex": -417900000,
      "gross_margin": 0.6610974472054957,
      "op_margin": 0.29310491052497667,
      "fcf_margin": -0.022220337545585615,
      "incr_op_margin_yoy": 0.5060584461867427,
      "rev_growth_yoy": 0.1350596842510589,
      "rev_growth_yoy_accel": 0.1244247469024225,
      "op_leverage_ratio": 2.2315567190641974,
      "fcf_margin_change": 0.1802176703727307
    },
    {
      "date": "2025-06-30T00:00:00",
      "quarter_label": "2025-06 (Q2)",
      "revenue": 1010800000,
      "gross_profit": 684500000,
      "operating_income": 248800000,
      "net_income": null,
      "opex": 435700000,
      "cogs": 326300000,
      "rd": null,
      "sga": null,
      "fcf": -275200000,
      "ocf": 176000000,
      "capex": -451200000,
      "gross_margin": 0.6771863870201821,
      "op_margin": 0.24614166996438464,
      "fcf_margin": -0.27225959635931934,
      "incr_op_margin_yoy": 0.32536764705882354,
      "rev_growth_yoy": 0.12062084257206208,
      "rev_growth_yoy_accel": -0.014438841678996825,
      "fcf_margin_change": -0.25003925881373373
    },
    {
      "date": "2025-09-30T00:00:00",
      "quarter_label": "2025-09 (Q3)",
      "revenue": 1201900000,
      "gross_profit": 800700000,
      "operating_income": 339400000,
      "net_income": null,
      "opex": 461300000,
      "cogs": 401200000,
      "rd": null,
      "sga": null,
      "fcf": -595100000,
      "ocf": 426900000,
      "capex": -1022000000,
      "gross_margin": 0.6661951909476662,
      "op_margin": 0.28238622181545886,
      "fcf_margin": -0.4951327065479657,
      "incr_op_margin_yoy": 0.14763458401305057,
      "rev_growth_yoy": 0.11359214305568424,
      "rev_growth_yoy_accel": -0.007028699516377843,
      "op_leverage_ratio": 3.2176814620844874,
      "fcf_margin_change": -0.22287311018864636
    },
    {
      "date": "2025-12-31T00:00:00",
      "quarter_label": "2025-12 (Q4)",
      "revenue": 1101800000,
      "gross_profit": 730100000,
      "operating_income": 237000000,
      "net_income": null,
      "opex": 493100000,
      "cogs": 371700000,
      "rd": null,
      "sga": null,
      "fcf": -718600000,
      "ocf": 133200000,
      "capex": -851800000,
      "gross_margin": 0.6626429479034307,
      "op_margin": 0.21510255944817572,
      "fcf_margin": -0.6522054819386458,
      "incr_op_margin_yoy": -0.10492957746478873,
      "rev_growth_yoy": 0.14794748906022087,
      "rev_growth_yoy_accel": 0.03435534600453663,
      "fcf_margin_change": -0.1570727753906801
    }
  ],
  "signals": [
    {
      "quarter": "2025-09 (Q3)",
      "signal": "OPERATING LEVERAGE",
      "detail": "Rev growth +18.9% vs OpEx growth +5.9% (leverage: 3.2x)",
      "severity": "MEDIUM"
    },
    {
      "quarter": "2025-03 (Q1)",
      "signal": "FCF MARGIN EXPANSION",
      "detail": "FCF margin: -20.2% -> -2.2% (+18.0%)",
      "severity": "MEDIUM"
    },
    {
      "quarter": "2025-03 (Q1)",
      "signal": "OPERATING LEVERAGE",
      "detail": "Rev growth +22.8% vs OpEx growth +10.2% (leverage: 2.2x)",
      "severity": "MEDIUM"
    },
    {
      "quarter": "2025-03 (Q1)",
      "signal": "YoY REVENUE GROWTH ACCELERATION",
      "detail": "YoY growth: +13.5% vs prior quarter YoY: +1.1% (accel: +12.4%)",
      "severity": "MEDIUM"
    },
    {
      "quarter": "2025-03 (Q1)",
      "signal": "INCREMENTAL MARGIN (YoY)",
      "detail": "YoY Incr OPM: +50.6% vs year-ago OPM: +26.4%",
      "severity": "HIGH"
    },
    {
      "quarter": "2024-12 (Q4)",
      "signal": "INCREMENTAL MARGIN (YoY)",
      "detail": "YoY Incr OPM: +416.8% vs year-ago OPM: +22.1%",
      "severity": "HIGH"
    },
    {
      "quarter": "2024-09 (Q3)",
      "signal": "FCF MARGIN EXPANSION",
      "detail": "FCF margin: -10.9% -> -4.9% (+6.0%)",
      "severity": "MEDIUM"
    },
    {
      "quarter": "2024-06 (Q2)",
      "signal": "GROSS MARGIN INFLECTION",
      "detail": "GM: +66.3% -> +66.1% -> +69.0% (reversal +2.9%)",
      "severity": "MEDIUM"
    },
    {
      "quarter": "2024-06 (Q2)",
      "signal": "YoY REVENUE GROWTH ACCELERATION",
      "detail": "YoY growth: +0.2% vs prior quarter YoY: -4.9% (accel: +5.1%)",
      "severity": "MEDIUM"
    },
    {
      "quarter": "2024-03 (Q1)",
      "signal": "FCF TURNED POSITIVE",
      "detail": "FCF margin: -23.5% -> +16.0%",
      "severity": "HIGH"
    },
    {
      "quarter": "2023-12 (Q4)",
      "signal": "GROSS MARGIN INFLECTION",
      "detail": "GM: +67.5% -> +64.3% -> +66.3% (reversal +2.0%)",
      "severity": "MEDIUM"
    },
    {
      "quarter": "2023-09 (Q3)",
      "signal": "FCF TURNED POSITIVE",
      "detail": "FCF margin: -1.8% -> +7.0%",
      "severity": "HIGH"
    },
    {
      "quarter": "2023-09 (Q3)",
      "signal": "OPERATING LEVERAGE",
      "detail": "Rev growth +22.5% vs OpEx growth +9.4% (leverage: 2.4x)",
      "severity": "MEDIUM"
    },
    {
      "quarter": "2023-09 (Q3)",
      "signal": "YoY REVENUE GROWTH ACCELERATION",
      "detail": "YoY growth: +2.0% vs prior quarter YoY: -4.6% (accel: +6.5%)",
      "severity": "MEDIUM"
    },
    {
      "quarter": "2023-09 (Q3)",
      "signal": "INCREMENTAL MARGIN (YoY)",
      "detail": "YoY Incr OPM: +177.8% vs year-ago OPM: +25.3%",
      "severity": "HIGH"
    },
    {
      "quarter": "2023-06 (Q2)",
      "signal": "YoY REVENUE GROWTH DECELERATION",
      "detail": "YoY growth: -4.6% vs prior quarter YoY: +1.9% (decel: -6.4%)",
      "severity": "WARNING"
    },
    {
      "quarter": "2023-03 (Q1)",
      "signal": "FCF TURNED POSITIVE",
      "detail": "FCF margin: -27.1% -> +0.6%",
      "severity": "HIGH"
    },
    {
      "quarter": "2023-03 (Q1)",
      "signal": "YoY REVENUE GROWTH DECELERATION",
      "detail": "YoY growth: +1.9% vs prior quarter YoY: +11.4% (decel: -9.6%)",
      "severity": "WARNING"
    },
    {
      "quarter": "2022-09 (Q3)",
      "signal": "FCF MARGIN EXPANSION",
      "detail": "FCF margin: -14.6% -> -5.7% (+8.9%)",
      "severity": "MEDIUM"
    },
    {
      "quarter": "2022-06 (Q2)",
      "signal": "YoY REVENUE GROWTH ACCELERATION",
      "detail": "YoY growth: +14.0% vs prior quarter YoY: +6.6% (accel: +7.4%)",
      "severity": "MEDIUM"
    },
    {
      "quarter": "2022-03 (Q1)",
      "signal": "FCF TURNED POSITIVE",
      "detail": "FCF margin: -24.8% -> +15.7%",
      "severity": "HIGH"
    },
    {
      "quarter": "2022-03 (Q1)",
      "signal": "INCREMENTAL MARGIN (YoY)",
      "detail": "YoY Incr OPM: +50.1% vs year-ago OPM: +25.4%",
      "severity": "HIGH"
    },
    {
      "quarter": "2021-09 (Q3)",
      "signal": "OPERATING LEVERAGE",
      "detail": "Rev growth +15.9% vs OpEx growth +2.9% (leverage: 5.5x)",
      "severity": "MEDIUM"
    },
    {
      "quarter": "2021-06 (Q2)",
      "signal": "FCF MARGIN EXPANSION",
      "detail": "FCF margin: +2.2% -> +7.7% (+5.4%)",
      "severity": "MEDIUM"
    }
  ],
  "data_quality": {
    "n_quarters": 20,
    "coverage": {
      "revenue": [
        20,
        20
      ],
      "gross_profit": [
        20,
        20
      ],
      "op_income": [
        20,
        20
      ],
      "fcf": [
        20,
        20
      ]
    },
    "gaps": [],
    "warnings": []
  },
  "market_cap": null,
  "source": "SEC EDGAR",
  "last_updated": "2026-02-24T10:13:46.735736"
}