{
  "ticker": "WEN",
  "name": "THE WENDY\u2019S COMPANY",
  "sector": "Consumer Cyclical",
  "industry": "Restaurants",
  "quarters": [
    {
      "date": "2021-04-04T00:00:00",
      "quarter_label": "2021-04 (Q2)",
      "revenue": 460203000,
      "gross_profit": 303353000,
      "operating_income": 83122000,
      "net_income": 41366000,
      "opex": 377081000,
      "cogs": 156850000,
      "rd": null,
      "sga": null,
      "fcf": 85830000,
      "ocf": 85830000,
      "capex": null,
      "gross_margin": 0.6591721479434076,
      "op_margin": 0.18062029148006423,
      "fcf_margin": 0.18650465120827114
    },
    {
      "date": "2021-07-04T00:00:00",
      "quarter_label": "2021-07 (Q3)",
      "revenue": 493337000,
      "gross_profit": 339183000,
      "operating_income": 126746000,
      "net_income": 65724000,
      "opex": 366591000,
      "cogs": 154154000,
      "rd": null,
      "sga": null,
      "fcf": 72921000,
      "ocf": 72921000,
      "capex": null,
      "gross_margin": 0.6875279981027168,
      "op_margin": 0.2569156580592982,
      "fcf_margin": 0.14781173923707325,
      "op_leverage_ratio": null,
      "fcf_margin_change": -0.038692911971197896
    },
    {
      "date": "2021-10-03T00:00:00",
      "quarter_label": "2021-10 (Q4)",
      "revenue": 470255000,
      "gross_profit": 323819000,
      "operating_income": 80195000,
      "net_income": 41171000,
      "opex": 390060000,
      "cogs": 146436000,
      "rd": null,
      "sga": null,
      "fcf": 117922000,
      "ocf": 117922000,
      "capex": null,
      "gross_margin": 0.6886029919937056,
      "op_margin": 0.17053513519260827,
      "fcf_margin": 0.2507618207142933,
      "fcf_margin_change": 0.10295008147722007
    },
    {
      "date": "2022-01-02T00:00:00",
      "quarter_label": "2022-01 (Q1)",
      "revenue": 473203000,
      "gross_profit": 318963000,
      "operating_income": 76897000,
      "net_income": 52131000,
      "opex": 396306000,
      "cogs": 154240000,
      "rd": null,
      "sga": null,
      "fcf": 69099000,
      "ocf": 69099000,
      "capex": null,
      "gross_margin": 0.6740510943506275,
      "op_margin": 0.1625031963026439,
      "fcf_margin": 0.14602401083678676,
      "fcf_margin_change": -0.10473780987750655
    },
    {
      "date": "2022-04-03T00:00:00",
      "quarter_label": "2022-04 (Q2)",
      "revenue": 488643000,
      "gross_profit": 303590000,
      "operating_income": 74881000,
      "net_income": 37402000,
      "opex": 413762000,
      "cogs": 185053000,
      "rd": null,
      "sga": null,
      "fcf": 20982000,
      "ocf": 20982000,
      "capex": null,
      "gross_margin": 0.6212920271036318,
      "op_margin": 0.1532427559588493,
      "fcf_margin": 0.042939323800811634,
      "incr_op_margin_yoy": -0.2897679324894515,
      "rev_growth_yoy": 0.06179881487082874,
      "op_leverage_ratio": 0.7407739831053608,
      "fcf_margin_change": -0.10308468703597512
    },
    {
      "date": "2022-07-03T00:00:00",
      "quarter_label": "2022-07 (Q3)",
      "revenue": 537783000,
      "gross_profit": 340498000,
      "operating_income": 96281000,
      "net_income": 48151000,
      "opex": 441502000,
      "cogs": 197285000,
      "rd": null,
      "sga": null,
      "fcf": 77213000,
      "ocf": 77213000,
      "capex": null,
      "gross_margin": 0.6331512896465675,
      "op_margin": 0.1790331788100405,
      "fcf_margin": 0.14357649832739228,
      "incr_op_margin_yoy": -0.6854385096521621,
      "rev_growth_yoy": 0.09009257363627703,
      "rev_growth_yoy_accel": 0.028293758765448283,
      "op_leverage_ratio": 1.4999874178868835,
      "fcf_margin_change": 0.10063717452658064
    },
    {
      "date": "2022-10-02T00:00:00",
      "quarter_label": "2022-10 (Q4)",
      "revenue": 532569000,
      "gross_profit": 336401000,
      "operating_income": 98135000,
      "net_income": 50542000,
      "opex": 434434000,
      "cogs": 196168000,
      "rd": null,
      "sga": null,
      "fcf": 84444000,
      "ocf": 84444000,
      "capex": null,
      "gross_margin": 0.6316571186081053,
      "op_margin": 0.18426720293520651,
      "fcf_margin": 0.15855973592154257,
      "incr_op_margin_yoy": 0.2878967808197195,
      "rev_growth_yoy": 0.132511084411649,
      "rev_growth_yoy_accel": 0.04241851077537197,
      "fcf_margin_change": 0.014983237594150295
    },
    {
      "date": "2023-01-01T00:00:00",
      "quarter_label": "2023-01 (Q1)",
      "revenue": 536510000,
      "gross_profit": 341847000,
      "operating_income": 84017000,
      "net_income": 41275000,
      "opex": 452493000,
      "cogs": 194663000,
      "rd": null,
      "sga": null,
      "fcf": 77265000,
      "ocf": 77265000,
      "capex": null,
      "gross_margin": 0.6371679931408548,
      "op_margin": 0.15659913142345902,
      "fcf_margin": 0.14401409107006394,
      "incr_op_margin_yoy": 0.11246781556541931,
      "rev_growth_yoy": 0.13378402081136426,
      "rev_growth_yoy_accel": 0.0012729363997152632,
      "fcf_margin_change": -0.014545644851478634
    },
    {
      "date": "2023-04-02T00:00:00",
      "quarter_label": "2023-04 (Q2)",
      "revenue": 528807000,
      "gross_profit": 332271000,
      "operating_income": 84478000,
      "net_income": 39821000,
      "opex": 444329000,
      "cogs": 196536000,
      "rd": null,
      "sga": null,
      "fcf": 52975000,
      "ocf": 52975000,
      "capex": null,
      "gross_margin": 0.6283407746115313,
      "op_margin": 0.159752045642361,
      "fcf_margin": 0.10017832592987612,
      "incr_op_margin_yoy": 0.2389453241708993,
      "rev_growth_yoy": 0.08219497670078155,
      "rev_growth_yoy_accel": -0.05158904411058271,
      "fcf_margin_change": -0.04383576514018782
    },
    {
      "date": "2023-07-02T00:00:00",
      "quarter_label": "2023-07 (Q3)",
      "revenue": 561565000,
      "gross_profit": 360555000,
      "operating_income": 109274000,
      "net_income": 59632000,
      "opex": 452291000,
      "cogs": 201010000,
      "rd": null,
      "sga": null,
      "fcf": 88529000,
      "ocf": 88529000,
      "capex": null,
      "gross_margin": 0.6420539029319847,
      "op_margin": 0.19458833794841202,
      "fcf_margin": 0.15764693312439343,
      "incr_op_margin_yoy": 0.5463375662265579,
      "rev_growth_yoy": 0.044222297841322616,
      "rev_growth_yoy_accel": -0.03797267885945893,
      "op_leverage_ratio": 3.4570261854870052,
      "fcf_margin_change": 0.05746860719451731
    },
    {
      "date": "2023-10-01T00:00:00",
      "quarter_label": "2023-10 (Q4)",
      "revenue": 550555000,
      "gross_profit": 351033000,
      "operating_income": 101603000,
      "net_income": 58049000,
      "opex": 448952000,
      "cogs": 199522000,
      "rd": null,
      "sga": null,
      "fcf": 128021000,
      "ocf": 128021000,
      "capex": null,
      "gross_margin": 0.6375984234091053,
      "op_margin": 0.18454650307417061,
      "fcf_margin": 0.23253080981918245,
      "incr_op_margin_yoy": 0.19281663516068054,
      "rev_growth_yoy": 0.03377214971205609,
      "rev_growth_yoy_accel": -0.010450148129266527,
      "fcf_margin_change": 0.07488387669478902
    },
    {
      "date": "2023-12-31T00:00:00",
      "quarter_label": "2023-12 (Q4)",
      "revenue": 540651000,
      "gross_profit": 343226000,
      "operating_income": 86629000,
      "net_income": 46938000,
      "opex": 454022000,
      "cogs": 197425000,
      "rd": null,
      "sga": null,
      "fcf": 75891000,
      "ocf": 75891000,
      "capex": null,
      "gross_margin": 0.6348383707789313,
      "op_margin": 0.16023090681419253,
      "fcf_margin": 0.14036966545886348,
      "incr_op_margin_yoy": 0.6307655155759478,
      "rev_growth_yoy": 0.007718402266500159,
      "rev_growth_yoy_accel": -0.02605374744555593,
      "fcf_margin_change": -0.09216114436031897
    },
    {
      "date": "2024-03-31T00:00:00",
      "quarter_label": "2024-03 (Q1)",
      "revenue": 534753000,
      "gross_profit": 342640000,
      "operating_income": 81156000,
      "net_income": 41993000,
      "opex": 453597000,
      "cogs": 192113000,
      "rd": null,
      "sga": null,
      "fcf": 99987000,
      "ocf": 99987000,
      "capex": null,
      "gross_margin": 0.6407444184511354,
      "op_margin": 0.15176352446830593,
      "fcf_margin": 0.18697791316738757,
      "incr_op_margin_yoy": -0.5586949209552641,
      "rev_growth_yoy": 0.011244177932591665,
      "rev_growth_yoy_accel": 0.003525775666091506,
      "fcf_margin_change": 0.04660824770852409
    },
    {
      "date": "2024-06-30T00:00:00",
      "quarter_label": "2024-06 (Q2)",
      "revenue": 570727000,
      "gross_profit": 370841000,
      "operating_income": 99507000,
      "net_income": 54643000,
      "opex": 471220000,
      "cogs": 199886000,
      "rd": null,
      "sga": null,
      "fcf": 45476000,
      "ocf": 45476000,
      "capex": null,
      "gross_margin": 0.6497695045091612,
      "op_margin": 0.1743513098206323,
      "fcf_margin": 0.07968082813674489,
      "incr_op_margin_yoy": -1.066033617114167,
      "rev_growth_yoy": 0.016315119353948342,
      "rev_growth_yoy_accel": 0.005070941421356678,
      "op_leverage_ratio": 1.7315133048162723,
      "fcf_margin_change": -0.10729708503064268
    },
    {
      "date": "2024-09-29T00:00:00",
      "quarter_label": "2024-09 (Q3)",
      "revenue": 566739000,
      "gross_profit": 371101000,
      "operating_income": 94675000,
      "net_income": 50224000,
      "opex": 472064000,
      "cogs": 195638000,
      "rd": null,
      "sga": null,
      "fcf": 141218000,
      "ocf": 141218000,
      "capex": null,
      "gross_margin": 0.6548005342847413,
      "op_margin": 0.16705220568903853,
      "fcf_margin": 0.24917642865587158,
      "incr_op_margin_yoy": -0.42807711319822045,
      "rev_growth_yoy": 0.02939579151946672,
      "rev_growth_yoy_accel": 0.013080672165518378,
      "fcf_margin_change": 0.1694956005191267
    },
    {
      "date": "2024-12-29T00:00:00",
      "quarter_label": "2024-12 (Q4)",
      "revenue": 574273000,
      "gross_profit": 378699000,
      "operating_income": 96021000,
      "net_income": 47497000,
      "opex": 478252000,
      "cogs": 195574000,
      "rd": null,
      "sga": null,
      "fcf": 68626000,
      "ocf": 68626000,
      "capex": null,
      "gross_margin": 0.6594407189611909,
      "op_margin": 0.16720444805867593,
      "fcf_margin": 0.11950065561152971,
      "incr_op_margin_yoy": 0.2793409077389804,
      "rev_growth_yoy": 0.06218799188385853,
      "rev_growth_yoy_accel": 0.032792200364391816,
      "op_leverage_ratio": 1.0141287463378772,
      "fcf_margin_change": -0.12967577304434186
    },
    {
      "date": "2025-03-30T00:00:00",
      "quarter_label": "2025-03 (Q1)",
      "revenue": 523472000,
      "gross_profit": 335303000,
      "operating_income": 83126000,
      "net_income": 39232000,
      "opex": 440346000,
      "cogs": 188169000,
      "rd": null,
      "sga": null,
      "fcf": 85415000,
      "ocf": 85415000,
      "capex": null,
      "gross_margin": 0.6405366476143901,
      "op_margin": 0.15879741418834245,
      "fcf_margin": 0.16317014090533974,
      "incr_op_margin_yoy": -0.1746299086960376,
      "rev_growth_yoy": -0.021095720828120647,
      "rev_growth_yoy_accel": -0.08328371271197918,
      "fcf_margin_change": 0.043669485293810026
    },
    {
      "date": "2025-06-29T00:00:00",
      "quarter_label": "2025-06 (Q2)",
      "revenue": 560929000,
      "gross_profit": 364408000,
      "operating_income": 104260000,
      "net_income": 55110000,
      "opex": 456669000,
      "cogs": 196521000,
      "rd": null,
      "sga": null,
      "fcf": 60593000,
      "ocf": 60593000,
      "capex": null,
      "gross_margin": 0.6496508470769028,
      "op_margin": 0.18587022600008202,
      "fcf_margin": 0.1080225839633893,
      "incr_op_margin_yoy": -0.48509899979587673,
      "rev_growth_yoy": -0.017167577493267357,
      "rev_growth_yoy_accel": 0.0039281433348532895,
      "op_leverage_ratio": 1.930339107807833,
      "fcf_margin_change": -0.055147556941950435
    },
    {
      "date": "2025-09-28T00:00:00",
      "quarter_label": "2025-09 (Q3)",
      "revenue": 549516000,
      "gross_profit": 345257000,
      "operating_income": 92049000,
      "net_income": 44252000,
      "opex": 457467000,
      "cogs": 204259000,
      "rd": null,
      "sga": null,
      "fcf": 129255000,
      "ocf": 129255000,
      "capex": null,
      "gross_margin": 0.6282928977500201,
      "op_margin": 0.16750922630096302,
      "fcf_margin": 0.23521608106042408,
      "incr_op_margin_yoy": 0.15247053358880566,
      "rev_growth_yoy": -0.030389650262290048,
      "rev_growth_yoy_accel": -0.01322207276902269,
      "fcf_margin_change": 0.12719349709703476
    },
    {
      "date": "2025-12-28T00:00:00",
      "quarter_label": "2025-12 (Q4)",
      "revenue": 542974000,
      "gross_profit": 340199000,
      "operating_income": 64017000,
      "net_income": 26481000,
      "opex": 478957000,
      "cogs": 202775000,
      "rd": null,
      "sga": null,
      "fcf": 69280000,
      "ocf": 69280000,
      "capex": null,
      "gross_margin": 0.6265474958285295,
      "op_margin": 0.11790067296039958,
      "fcf_margin": 0.1275935864332362,
      "incr_op_margin_yoy": 1.022524681299722,
      "rev_growth_yoy": -0.05450195290393245,
      "rev_growth_yoy_accel": -0.0241123026416424,
      "fcf_margin_change": -0.10762249462718787
    }
  ],
  "signals": [
    {
      "quarter": "2025-12 (Q4)",
      "signal": "INCREMENTAL MARGIN (YoY)",
      "detail": "YoY Incr OPM: +102.3% vs year-ago OPM: +16.7%",
      "severity": "HIGH"
    },
    {
      "quarter": "2025-09 (Q3)",
      "signal": "FCF MARGIN EXPANSION",
      "detail": "FCF margin: +10.8% -> +23.5% (+12.7%)",
      "severity": "MEDIUM"
    },
    {
      "quarter": "2025-06 (Q2)",
      "signal": "OPERATING LEVERAGE",
      "detail": "Rev growth +7.2% vs OpEx growth +3.7% (leverage: 1.9x)",
      "severity": "MEDIUM"
    },
    {
      "quarter": "2025-03 (Q1)",
      "signal": "YoY REVENUE GROWTH DECELERATION",
      "detail": "YoY growth: -2.1% vs prior quarter YoY: +6.2% (decel: -8.3%)",
      "severity": "WARNING"
    },
    {
      "quarter": "2024-12 (Q4)",
      "signal": "INCREMENTAL MARGIN (YoY)",
      "detail": "YoY Incr OPM: +27.9% vs year-ago OPM: +16.0%",
      "severity": "MEDIUM"
    },
    {
      "quarter": "2024-09 (Q3)",
      "signal": "FCF MARGIN EXPANSION",
      "detail": "FCF margin: +8.0% -> +24.9% (+16.9%)",
      "severity": "MEDIUM"
    },
    {
      "quarter": "2024-06 (Q2)",
      "signal": "OPERATING LEVERAGE",
      "detail": "Rev growth +6.7% vs OpEx growth +3.9% (leverage: 1.7x)",
      "severity": "MEDIUM"
    },
    {
      "quarter": "2023-12 (Q4)",
      "signal": "INCREMENTAL MARGIN (YoY)",
      "detail": "YoY Incr OPM: +63.1% vs year-ago OPM: +15.7%",
      "severity": "HIGH"
    },
    {
      "quarter": "2023-10 (Q4)",
      "signal": "FCF MARGIN EXPANSION",
      "detail": "FCF margin: +15.8% -> +23.3% (+7.5%)",
      "severity": "MEDIUM"
    },
    {
      "quarter": "2023-07 (Q3)",
      "signal": "FCF MARGIN EXPANSION",
      "detail": "FCF margin: +10.0% -> +15.8% (+5.7%)",
      "severity": "MEDIUM"
    },
    {
      "quarter": "2023-07 (Q3)",
      "signal": "OPERATING LEVERAGE",
      "detail": "Rev growth +6.2% vs OpEx growth +1.8% (leverage: 3.5x)",
      "severity": "MEDIUM"
    },
    {
      "quarter": "2023-07 (Q3)",
      "signal": "INCREMENTAL MARGIN (YoY)",
      "detail": "YoY Incr OPM: +54.6% vs year-ago OPM: +17.9%",
      "severity": "HIGH"
    },
    {
      "quarter": "2023-04 (Q2)",
      "signal": "YoY REVENUE GROWTH DECELERATION",
      "detail": "YoY growth: +8.2% vs prior quarter YoY: +13.4% (decel: -5.2%)",
      "severity": "WARNING"
    },
    {
      "quarter": "2022-10 (Q4)",
      "signal": "INCREMENTAL MARGIN (YoY)",
      "detail": "YoY Incr OPM: +28.8% vs year-ago OPM: +17.1%",
      "severity": "MEDIUM"
    },
    {
      "quarter": "2022-07 (Q3)",
      "signal": "FCF MARGIN EXPANSION",
      "detail": "FCF margin: +4.3% -> +14.4% (+10.1%)",
      "severity": "MEDIUM"
    },
    {
      "quarter": "2021-10 (Q4)",
      "signal": "FCF MARGIN EXPANSION",
      "detail": "FCF margin: +14.8% -> +25.1% (+10.3%)",
      "severity": "MEDIUM"
    }
  ],
  "data_quality": {
    "n_quarters": 20,
    "coverage": {
      "revenue": [
        20,
        20
      ],
      "gross_profit": [
        20,
        20
      ],
      "op_income": [
        20,
        20
      ],
      "fcf": [
        20,
        20
      ]
    },
    "gaps": [],
    "warnings": []
  },
  "market_cap": null,
  "source": "SEC EDGAR",
  "last_updated": "2026-02-24T10:10:11.231768"
}