{
  "ticker": "WERN",
  "name": "WERNER ENTERPRISES, INC.",
  "quarters": [
    {
      "date": "2020-12-31T00:00:00",
      "quarter_label": "2020-12 (Q4)",
      "revenue": 620302000,
      "gross_profit": null,
      "operating_income": 81451000,
      "net_income": 60556000,
      "opex": 538851000,
      "cogs": null,
      "rd": null,
      "sga": null,
      "fcf": -19104000,
      "ocf": 99513000,
      "capex": -118617000,
      "gross_margin": null,
      "op_margin": 0.13130862063962392,
      "fcf_margin": -0.0307979016672524
    },
    {
      "date": "2021-03-31T00:00:00",
      "quarter_label": "2021-03 (Q1)",
      "revenue": 616446000,
      "gross_profit": null,
      "operating_income": 62471000,
      "net_income": 46492000,
      "opex": 553975000,
      "cogs": null,
      "rd": null,
      "sga": null,
      "fcf": 53312000,
      "ocf": 135867000,
      "capex": -82555000,
      "gross_margin": null,
      "op_margin": 0.10134058782115546,
      "fcf_margin": 0.08648283872391094,
      "fcf_margin_change": 0.11728074039116335
    },
    {
      "date": "2021-06-30T00:00:00",
      "quarter_label": "2021-06 (Q2)",
      "revenue": 649814000,
      "gross_profit": null,
      "operating_income": 76863000,
      "net_income": 72032000,
      "opex": 572951000,
      "cogs": null,
      "rd": null,
      "sga": null,
      "fcf": -56831000,
      "ocf": 53597000,
      "capex": -110428000,
      "gross_margin": null,
      "op_margin": 0.11828461682881564,
      "fcf_margin": -0.08745733394479036,
      "op_leverage_ratio": 1.5802312007579935,
      "fcf_margin_change": -0.1739401726687013
    },
    {
      "date": "2021-09-30T00:00:00",
      "quarter_label": "2021-09 (Q3)",
      "revenue": 702891000,
      "gross_profit": null,
      "operating_income": 71324000,
      "net_income": 63761000,
      "opex": 631567000,
      "cogs": null,
      "rd": null,
      "sga": null,
      "fcf": -38622000,
      "ocf": 63880000,
      "capex": -102502000,
      "gross_margin": null,
      "op_margin": 0.10147234777511734,
      "fcf_margin": -0.05494735314579359,
      "op_leverage_ratio": 0.7983964684143742,
      "fcf_margin_change": 0.032509980798996765
    },
    {
      "date": "2021-12-31T00:00:00",
      "quarter_label": "2021-12 (Q4)",
      "revenue": 765221000,
      "gross_profit": null,
      "operating_income": 98488000,
      "net_income": 76767000,
      "opex": 666733000,
      "cogs": null,
      "rd": null,
      "sga": null,
      "fcf": 4110000,
      "ocf": 79475000,
      "capex": -75365000,
      "gross_margin": null,
      "op_margin": 0.12870530212840472,
      "fcf_margin": 0.00537099739813727,
      "incr_op_margin_yoy": 0.11756222441501804,
      "rev_growth_yoy": 0.23362652385450958,
      "op_leverage_ratio": 1.5925959325250794,
      "fcf_margin_change": 0.06031835054393086
    },
    {
      "date": "2022-03-31T00:00:00",
      "quarter_label": "2022-03 (Q1)",
      "revenue": 764605000,
      "gross_profit": null,
      "operating_income": 83511000,
      "net_income": 53749000,
      "opex": 681094000,
      "cogs": null,
      "rd": null,
      "sga": null,
      "fcf": 81328000,
      "ocf": 154957000,
      "capex": -73629000,
      "gross_margin": null,
      "op_margin": 0.10922110109141321,
      "fcf_margin": 0.10636603213423924,
      "incr_op_margin_yoy": 0.14200959779696137,
      "rev_growth_yoy": 0.24034384195858194,
      "rev_growth_yoy_accel": 0.006717318104072362,
      "fcf_margin_change": 0.10099503473610197
    },
    {
      "date": "2022-06-30T00:00:00",
      "quarter_label": "2022-06 (Q2)",
      "revenue": 836276000,
      "gross_profit": null,
      "operating_income": 74923000,
      "net_income": 72290000,
      "opex": 761353000,
      "cogs": null,
      "rd": null,
      "sga": null,
      "fcf": -41135000,
      "ocf": 112570000,
      "capex": -153705000,
      "gross_margin": null,
      "op_margin": 0.08959123542945152,
      "fcf_margin": -0.04918830625295955,
      "incr_op_margin_yoy": -0.010404264675912519,
      "rev_growth_yoy": 0.28694672629398565,
      "rev_growth_yoy_accel": 0.046602884335403716,
      "op_leverage_ratio": 0.7954623713686605,
      "fcf_margin_change": -0.1555543383871988
    },
    {
      "date": "2022-09-30T00:00:00",
      "quarter_label": "2022-09 (Q3)",
      "revenue": 827606000,
      "gross_profit": null,
      "operating_income": 76261000,
      "net_income": 55051000,
      "opex": 751345000,
      "cogs": null,
      "rd": null,
      "sga": null,
      "fcf": -87379000,
      "ocf": 65189000,
      "capex": -152568000,
      "gross_margin": null,
      "op_margin": 0.0921465044961008,
      "fcf_margin": -0.10558043320130593,
      "incr_op_margin_yoy": 0.03958625666519665,
      "rev_growth_yoy": 0.17743149364552968,
      "rev_growth_yoy_accel": -0.10951523264845597,
      "fcf_margin_change": -0.05639212694834638
    },
    {
      "date": "2022-12-31T00:00:00",
      "quarter_label": "2022-12 (Q4)",
      "revenue": 861491000,
      "gross_profit": null,
      "operating_income": 88381000,
      "net_income": 60166000,
      "opex": 773110000,
      "cogs": null,
      "rd": null,
      "sga": null,
      "fcf": -11355000,
      "ocf": 115995000,
      "capex": -127350000,
      "gross_margin": null,
      "op_margin": 0.10259074093635337,
      "fcf_margin": -0.013180636826153726,
      "incr_op_margin_yoy": -0.10498597693985666,
      "rev_growth_yoy": 0.12580679307023723,
      "rev_growth_yoy_accel": -0.05162470057529245,
      "op_leverage_ratio": 1.4133983779071733,
      "fcf_margin_change": 0.09239979637515221
    },
    {
      "date": "2023-03-31T00:00:00",
      "quarter_label": "2023-03 (Q1)",
      "revenue": 832714000,
      "gross_profit": null,
      "operating_income": 53386000,
      "net_income": 35224000,
      "opex": 779328000,
      "cogs": null,
      "rd": null,
      "sga": null,
      "fcf": 5083000,
      "ocf": 166847000,
      "capex": -161764000,
      "gross_margin": null,
      "op_margin": 0.06411084718162538,
      "fcf_margin": 0.0061041365943168965,
      "incr_op_margin_yoy": -0.44230571583784817,
      "rev_growth_yoy": 0.08907736674492057,
      "rev_growth_yoy_accel": -0.03672942632531666,
      "fcf_margin_change": 0.01928477342047062
    },
    {
      "date": "2023-06-30T00:00:00",
      "quarter_label": "2023-06 (Q2)",
      "revenue": 811096000,
      "gross_profit": null,
      "operating_income": 47198000,
      "net_income": 29881000,
      "opex": 763898000,
      "cogs": null,
      "rd": null,
      "sga": null,
      "fcf": -84605000,
      "ocf": 114943000,
      "capex": -199548000,
      "gross_margin": null,
      "op_margin": 0.05819039916360086,
      "fcf_margin": -0.104309477546431,
      "incr_op_margin_yoy": 1.1010722795869738,
      "rev_growth_yoy": -0.03010967670960305,
      "rev_growth_yoy_accel": -0.11918704345452362,
      "fcf_margin_change": -0.11041361414074789
    },
    {
      "date": "2023-09-30T00:00:00",
      "quarter_label": "2023-09 (Q3)",
      "revenue": 817744000,
      "gross_profit": null,
      "operating_income": 37900000,
      "net_income": 23704000,
      "opex": 779844000,
      "cogs": null,
      "rd": null,
      "sga": null,
      "fcf": -94544000,
      "ocf": 74229000,
      "capex": -168773000,
      "gross_margin": null,
      "op_margin": 0.04634702302921208,
      "fcf_margin": -0.11561564499403236,
      "incr_op_margin_yoy": 3.8897789495031434,
      "rev_growth_yoy": -0.01191629833519815,
      "rev_growth_yoy_accel": 0.0181933783744049,
      "fcf_margin_change": -0.011306167447601365
    },
    {
      "date": "2023-12-31T00:00:00",
      "quarter_label": "2023-12 (Q4)",
      "revenue": 821945000,
      "gross_profit": null,
      "operating_income": 37932000,
      "net_income": 23573000,
      "opex": 784013000,
      "cogs": null,
      "rd": null,
      "sga": null,
      "fcf": 49647000,
      "ocf": 118347000,
      "capex": -68700000,
      "gross_margin": null,
      "op_margin": 0.04614907323482715,
      "fcf_margin": 0.06040185170540608,
      "incr_op_margin_yoy": 1.2757042431598644,
      "rev_growth_yoy": -0.045904135968919,
      "rev_growth_yoy_accel": -0.03398783763372085,
      "fcf_margin_change": 0.17601749669943845
    },
    {
      "date": "2024-03-31T00:00:00",
      "quarter_label": "2024-03 (Q1)",
      "revenue": 769080000,
      "gross_profit": null,
      "operating_income": 15588000,
      "net_income": 6312000,
      "opex": 753492000,
      "cogs": null,
      "rd": null,
      "sga": null,
      "fcf": 30350000,
      "ocf": 88585000,
      "capex": -58235000,
      "gross_margin": null,
      "op_margin": 0.020268372601029802,
      "fcf_margin": 0.039462734696000416,
      "incr_op_margin_yoy": 0.593990633937832,
      "rev_growth_yoy": -0.07641759355553047,
      "rev_growth_yoy_accel": -0.030513457586611475,
      "fcf_margin_change": -0.020939117009405664
    },
    {
      "date": "2024-06-30T00:00:00",
      "quarter_label": "2024-06 (Q2)",
      "revenue": 760798000,
      "gross_profit": null,
      "operating_income": 19611000,
      "net_income": 9465000,
      "opex": 741187000,
      "cogs": null,
      "rd": null,
      "sga": null,
      "fcf": -31227000,
      "ocf": 109072000,
      "capex": -140299000,
      "gross_margin": null,
      "op_margin": 0.02577688164269622,
      "fcf_margin": -0.04104506058112666,
      "incr_op_margin_yoy": 0.5484711121714582,
      "rev_growth_yoy": -0.0620123881759989,
      "rev_growth_yoy_accel": 0.014405205379531577,
      "fcf_margin_change": -0.08050779527712708
    },
    {
      "date": "2024-09-30T00:00:00",
      "quarter_label": "2024-09 (Q3)",
      "revenue": 745701000,
      "gross_profit": null,
      "operating_income": 17595000,
      "net_income": 6565000,
      "opex": 728106000,
      "cogs": null,
      "rd": null,
      "sga": null,
      "fcf": -73422000,
      "ocf": 61043000,
      "capex": -134465000,
      "gross_margin": null,
      "op_margin": 0.023595247961314254,
      "fcf_margin": -0.09846037486874766,
      "incr_op_margin_yoy": 0.2818455644545619,
      "rev_growth_yoy": -0.08809969868320648,
      "rev_growth_yoy_accel": -0.026087310507207584,
      "fcf_margin_change": -0.057415314287621
    },
    {
      "date": "2024-12-31T00:00:00",
      "quarter_label": "2024-12 (Q4)",
      "revenue": 754679000,
      "gross_profit": null,
      "operating_income": 13354000,
      "net_income": 11891000,
      "opex": 741325000,
      "cogs": null,
      "rd": null,
      "sga": null,
      "fcf": -9766000,
      "ocf": 71034000,
      "capex": -80800000,
      "gross_margin": null,
      "op_margin": 0.017694940497880556,
      "fcf_margin": -0.01294060123575719,
      "incr_op_margin_yoy": 0.3653851871673654,
      "rev_growth_yoy": -0.08183759253964681,
      "rev_growth_yoy_accel": 0.0062621061435596675,
      "op_leverage_ratio": 0.6631486393678282,
      "fcf_margin_change": 0.08551977363299047
    },
    {
      "date": "2025-03-31T00:00:00",
      "quarter_label": "2025-03 (Q1)",
      "revenue": 712114000,
      "gross_profit": null,
      "operating_income": -5832000,
      "net_income": -10098000,
      "opex": 717946000,
      "cogs": null,
      "rd": null,
      "sga": null,
      "fcf": 5857000,
      "ocf": 29370000,
      "capex": -23513000,
      "gross_margin": null,
      "op_margin": -0.008189699963769845,
      "fcf_margin": 0.008224806702297666,
      "incr_op_margin_yoy": 0.3760137625952322,
      "rev_growth_yoy": -0.07407031778228533,
      "rev_growth_yoy_accel": 0.007767274757361484,
      "fcf_margin_change": 0.021165407938054853
    },
    {
      "date": "2025-06-30T00:00:00",
      "quarter_label": "2025-06 (Q2)",
      "revenue": 753148000,
      "gross_profit": null,
      "operating_income": 66321000,
      "net_income": 44062000,
      "opex": 686827000,
      "cogs": null,
      "rd": null,
      "sga": null,
      "fcf": -42317000,
      "ocf": 46025000,
      "capex": -88342000,
      "gross_margin": null,
      "op_margin": 0.08805838958611056,
      "fcf_margin": -0.05618683180463866,
      "incr_op_margin_yoy": -6.105882352941176,
      "rev_growth_yoy": -0.01005523148062955,
      "rev_growth_yoy_accel": 0.06401508630165578,
      "op_leverage_ratio": Infinity,
      "fcf_margin_change": -0.06441163850693632
    },
    {
      "date": "2025-09-30T00:00:00",
      "quarter_label": "2025-09 (Q3)",
      "revenue": 771499000,
      "gross_profit": null,
      "operating_income": -13021000,
      "net_income": -20575000,
      "opex": 784520000,
      "cogs": null,
      "rd": null,
      "sga": null,
      "fcf": -8555000,
      "ocf": 44144000,
      "capex": -52699000,
      "gross_margin": null,
      "op_margin": -0.01687753321780067,
      "fcf_margin": -0.011088802448220931,
      "incr_op_margin_yoy": -1.186758663462284,
      "rev_growth_yoy": 0.03459563551611169,
      "rev_growth_yoy_accel": 0.044650866996741236,
      "op_leverage_ratio": 0.1713023501448956,
      "fcf_margin_change": 0.045098029356417726
    }
  ],
  "signals": [
    {
      "quarter": "2025-06 (Q2)",
      "signal": "YoY REVENUE GROWTH ACCELERATION",
      "detail": "YoY growth: -1.0% vs prior quarter YoY: -7.4% (accel: +6.4%)",
      "severity": "MEDIUM"
    },
    {
      "quarter": "2025-06 (Q2)",
      "signal": "OP MARGIN TURNED POSITIVE (QoQ)",
      "detail": "Op margin: -0.8% -> +8.8%",
      "severity": "HIGH"
    },
    {
      "quarter": "2025-03 (Q1)",
      "signal": "FCF TURNED POSITIVE",
      "detail": "FCF margin: -1.3% -> +0.8%",
      "severity": "HIGH"
    },
    {
      "quarter": "2024-12 (Q4)",
      "signal": "FCF MARGIN EXPANSION",
      "detail": "FCF margin: -9.8% -> -1.3% (+8.6%)",
      "severity": "MEDIUM"
    },
    {
      "quarter": "2024-12 (Q4)",
      "signal": "INCREMENTAL MARGIN (YoY)",
      "detail": "YoY Incr OPM: +36.5% vs year-ago OPM: +4.6%",
      "severity": "HIGH"
    },
    {
      "quarter": "2024-09 (Q3)",
      "signal": "INCREMENTAL MARGIN (YoY)",
      "detail": "YoY Incr OPM: +28.2% vs year-ago OPM: +4.6%",
      "severity": "HIGH"
    },
    {
      "quarter": "2024-06 (Q2)",
      "signal": "INCREMENTAL MARGIN (YoY)",
      "detail": "YoY Incr OPM: +54.8% vs year-ago OPM: +5.8%",
      "severity": "HIGH"
    },
    {
      "quarter": "2024-03 (Q1)",
      "signal": "INCREMENTAL MARGIN (YoY)",
      "detail": "YoY Incr OPM: +59.4% vs year-ago OPM: +6.4%",
      "severity": "HIGH"
    },
    {
      "quarter": "2023-12 (Q4)",
      "signal": "FCF TURNED POSITIVE",
      "detail": "FCF margin: -11.6% -> +6.0%",
      "severity": "HIGH"
    },
    {
      "quarter": "2023-12 (Q4)",
      "signal": "INCREMENTAL MARGIN (YoY)",
      "detail": "YoY Incr OPM: +127.6% vs year-ago OPM: +10.3%",
      "severity": "HIGH"
    },
    {
      "quarter": "2023-09 (Q3)",
      "signal": "INCREMENTAL MARGIN (YoY)",
      "detail": "YoY Incr OPM: +389.0% vs year-ago OPM: +9.2%",
      "severity": "HIGH"
    },
    {
      "quarter": "2023-06 (Q2)",
      "signal": "YoY REVENUE GROWTH DECELERATION",
      "detail": "YoY growth: -3.0% vs prior quarter YoY: +8.9% (decel: -11.9%)",
      "severity": "WARNING"
    },
    {
      "quarter": "2023-06 (Q2)",
      "signal": "INCREMENTAL MARGIN (YoY)",
      "detail": "YoY Incr OPM: +110.1% vs year-ago OPM: +9.0%",
      "severity": "HIGH"
    },
    {
      "quarter": "2023-03 (Q1)",
      "signal": "FCF TURNED POSITIVE",
      "detail": "FCF margin: -1.3% -> +0.6%",
      "severity": "HIGH"
    },
    {
      "quarter": "2022-12 (Q4)",
      "signal": "FCF MARGIN EXPANSION",
      "detail": "FCF margin: -10.6% -> -1.3% (+9.2%)",
      "severity": "MEDIUM"
    },
    {
      "quarter": "2022-12 (Q4)",
      "signal": "YoY REVENUE GROWTH DECELERATION",
      "detail": "YoY growth: +12.6% vs prior quarter YoY: +17.7% (decel: -5.2%)",
      "severity": "WARNING"
    },
    {
      "quarter": "2022-09 (Q3)",
      "signal": "YoY REVENUE GROWTH DECELERATION",
      "detail": "YoY growth: +17.7% vs prior quarter YoY: +28.7% (decel: -11.0%)",
      "severity": "WARNING"
    },
    {
      "quarter": "2022-03 (Q1)",
      "signal": "FCF MARGIN EXPANSION",
      "detail": "FCF margin: +0.5% -> +10.6% (+10.1%)",
      "severity": "MEDIUM"
    },
    {
      "quarter": "2021-12 (Q4)",
      "signal": "FCF TURNED POSITIVE",
      "detail": "FCF margin: -5.5% -> +0.5%",
      "severity": "HIGH"
    },
    {
      "quarter": "2021-12 (Q4)",
      "signal": "OPERATING LEVERAGE",
      "detail": "Rev growth +8.9% vs OpEx growth +5.6% (leverage: 1.6x)",
      "severity": "MEDIUM"
    },
    {
      "quarter": "2021-06 (Q2)",
      "signal": "OPERATING LEVERAGE",
      "detail": "Rev growth +5.4% vs OpEx growth +3.4% (leverage: 1.6x)",
      "severity": "MEDIUM"
    },
    {
      "quarter": "2021-03 (Q1)",
      "signal": "FCF TURNED POSITIVE",
      "detail": "FCF margin: -3.1% -> +8.6%",
      "severity": "HIGH"
    }
  ],
  "data_quality": {
    "n_quarters": 20,
    "coverage": {
      "revenue": [
        20,
        20
      ],
      "gross_profit": [
        0,
        20
      ],
      "op_income": [
        20,
        20
      ],
      "fcf": [
        20,
        20
      ]
    },
    "gaps": [],
    "warnings": [
      "gross_profit: no data"
    ]
  },
  "market_cap": null,
  "source": "SEC EDGAR",
  "last_updated": "2026-02-02T21:37:27.345158"
}