{
  "ticker": "WES",
  "name": "WESTERN MIDSTREAM PARTNERS, LP",
  "sector": "Energy",
  "industry": "Oil & Gas Midstream",
  "quarters": [
    {
      "date": "2021-03-31T00:00:00",
      "quarter_label": "2021-03 (Q1)",
      "revenue": 674974000,
      "gross_profit": 586005000,
      "operating_income": 292336000,
      "net_income": 185791000,
      "opex": 434220000,
      "cogs": 88969000,
      "rd": null,
      "sga": null,
      "fcf": 261550000,
      "ocf": 261550000,
      "capex": null,
      "gross_margin": 0.8681889969095106,
      "op_margin": 0.4331070530124123,
      "fcf_margin": 0.38749640726902074
    },
    {
      "date": "2021-06-30T00:00:00",
      "quarter_label": "2021-06 (Q2)",
      "revenue": 719131000,
      "gross_profit": 641087000,
      "operating_income": 334948000,
      "net_income": 231259000,
      "opex": 444074000,
      "cogs": 78044000,
      "rd": null,
      "sga": null,
      "fcf": 452111000,
      "ocf": 452111000,
      "capex": null,
      "gross_margin": 0.8914745713924167,
      "op_margin": 0.4657677113071193,
      "fcf_margin": 0.6286907392394432,
      "op_leverage_ratio": 2.8827685868258826,
      "fcf_margin_change": 0.24119433197042245
    },
    {
      "date": "2021-09-30T00:00:00",
      "quarter_label": "2021-09 (Q3)",
      "revenue": 763840000,
      "gross_profit": 680608000,
      "operating_income": 383266000,
      "net_income": 255725000,
      "opex": 428716000,
      "cogs": 83232000,
      "rd": null,
      "sga": null,
      "fcf": 391333000,
      "ocf": 391333000,
      "capex": null,
      "gross_margin": 0.891034771679933,
      "op_margin": 0.5017621491411814,
      "fcf_margin": 0.5123232614160034,
      "op_leverage_ratio": null,
      "fcf_margin_change": -0.11636747782343981
    },
    {
      "date": "2021-12-31T00:00:00",
      "quarter_label": "2021-12 (Q4)",
      "revenue": 719210000,
      "gross_profit": 647170000,
      "operating_income": 325721000,
      "net_income": 243517000,
      "opex": 438563000,
      "cogs": 72040000,
      "rd": null,
      "sga": null,
      "fcf": 661858000,
      "ocf": 661858000,
      "capex": null,
      "gross_margin": 0.8998345406765756,
      "op_margin": 0.45288719567303015,
      "fcf_margin": 0.9202569485963766,
      "fcf_margin_change": 0.40793368718037326
    },
    {
      "date": "2022-03-31T00:00:00",
      "quarter_label": "2022-03 (Q1)",
      "revenue": 758297000,
      "gross_profit": 685449000,
      "operating_income": 404824000,
      "net_income": 308717000,
      "opex": 403450000,
      "cogs": 72848000,
      "rd": null,
      "sga": null,
      "fcf": 276458000,
      "ocf": 276458000,
      "capex": null,
      "gross_margin": 0.9039321004830561,
      "op_margin": 0.5338594244735242,
      "fcf_margin": 0.3645774676676817,
      "incr_op_margin_yoy": 1.3500234029019598,
      "rev_growth_yoy": 0.12344623644762613,
      "op_leverage_ratio": null,
      "fcf_margin_change": -0.5556794809286949
    },
    {
      "date": "2022-06-30T00:00:00",
      "quarter_label": "2022-06 (Q2)",
      "revenue": 876419000,
      "gross_profit": 727863000,
      "operating_income": 397388000,
      "net_income": 306317000,
      "opex": 526345000,
      "cogs": 148556000,
      "rd": null,
      "sga": null,
      "fcf": 466981000,
      "ocf": 466981000,
      "capex": null,
      "gross_margin": 0.8304966003703708,
      "op_margin": 0.45342239271398727,
      "fcf_margin": 0.5328284758774057,
      "incr_op_margin_yoy": 0.39697879049895735,
      "rev_growth_yoy": 0.21871953788669937,
      "rev_growth_yoy_accel": 0.09527330143907324,
      "op_leverage_ratio": 0.5113837926317706,
      "fcf_margin_change": 0.168251008209724
    },
    {
      "date": "2022-09-30T00:00:00",
      "quarter_label": "2022-09 (Q3)",
      "revenue": 837568000,
      "gross_profit": 730735000,
      "operating_income": 357018000,
      "net_income": 265745000,
      "opex": 521763000,
      "cogs": 106833000,
      "rd": null,
      "sga": null,
      "fcf": 468768000,
      "ocf": 468768000,
      "capex": null,
      "gross_margin": 0.8724485653702148,
      "op_margin": 0.42625553984870485,
      "fcf_margin": 0.5596775425995263,
      "incr_op_margin_yoy": -0.3560112847222222,
      "rev_growth_yoy": 0.09652283200670297,
      "rev_growth_yoy_accel": -0.1221967058799964,
      "fcf_margin_change": 0.026849066722120618
    },
    {
      "date": "2022-12-31T00:00:00",
      "quarter_label": "2022-12 (Q4)",
      "revenue": 779437000,
      "gross_profit": 686774000,
      "operating_income": 428658000,
      "net_income": 336324000,
      "opex": 499434000,
      "cogs": 92663000,
      "rd": null,
      "sga": null,
      "fcf": 489219000,
      "ocf": 489219000,
      "capex": null,
      "gross_margin": 0.8811154718084977,
      "op_margin": 0.5499584956834228,
      "fcf_margin": 0.6276568856751732,
      "incr_op_margin_yoy": 1.7091503810583293,
      "rev_growth_yoy": 0.08374049304097551,
      "rev_growth_yoy_accel": -0.01278233896572746,
      "fcf_margin_change": 0.0679793430756469
    },
    {
      "date": "2023-03-31T00:00:00",
      "quarter_label": "2023-03 (Q1)",
      "revenue": 733982000,
      "gross_profit": 682523000,
      "operating_income": 290212000,
      "net_income": 203645000,
      "opex": 480673000,
      "cogs": 51459000,
      "rd": null,
      "sga": null,
      "fcf": 302424000,
      "ocf": 302424000,
      "capex": null,
      "gross_margin": 0.9298906512693772,
      "op_margin": 0.3953938924932764,
      "fcf_margin": 0.41203190268971174,
      "incr_op_margin_yoy": 4.713633559531154,
      "rev_growth_yoy": -0.03206527257789494,
      "rev_growth_yoy_accel": -0.11580576561887046,
      "fcf_margin_change": -0.21562498298546146
    },
    {
      "date": "2023-06-30T00:00:00",
      "quarter_label": "2023-06 (Q2)",
      "revenue": 738273000,
      "gross_profit": 693527000,
      "operating_income": 336672000,
      "net_income": 252921000,
      "opex": 443855000,
      "cogs": 44746000,
      "rd": null,
      "sga": null,
      "fcf": 490823000,
      "ocf": 490823000,
      "capex": null,
      "gross_margin": 0.9393909840939598,
      "op_margin": 0.4560264292477173,
      "fcf_margin": 0.664825884191891,
      "incr_op_margin_yoy": 0.43950602985247494,
      "rev_growth_yoy": -0.1576255193006998,
      "rev_growth_yoy_accel": -0.12556024672280486,
      "fcf_margin_change": 0.2527939815021793
    },
    {
      "date": "2023-09-30T00:00:00",
      "quarter_label": "2023-09 (Q3)",
      "revenue": 776013000,
      "gross_profit": 748423000,
      "operating_income": 360762000,
      "net_income": 277296000,
      "opex": 449265000,
      "cogs": 27590000,
      "rd": null,
      "sga": null,
      "fcf": 394787000,
      "ocf": 394787000,
      "capex": null,
      "gross_margin": 0.9644464719018883,
      "op_margin": 0.4648916964019933,
      "fcf_margin": 0.508737611354449,
      "incr_op_margin_yoy": -0.06082365364308342,
      "rev_growth_yoy": -0.07349254030717506,
      "rev_growth_yoy_accel": 0.08413297899352473,
      "op_leverage_ratio": 4.194003238706966,
      "fcf_margin_change": -0.1560882728374421
    },
    {
      "date": "2023-12-31T00:00:00",
      "quarter_label": "2023-12 (Q4)",
      "revenue": 858208000,
      "gross_profit": 817405000,
      "operating_income": 391917000,
      "net_income": 288354000,
      "opex": 495977000,
      "cogs": 40803000,
      "rd": null,
      "sga": null,
      "fcf": 473300000,
      "ocf": 473300000,
      "capex": null,
      "gross_margin": 0.9524555818636041,
      "op_margin": 0.4566690126402923,
      "fcf_margin": 0.5514980051456058,
      "incr_op_margin_yoy": -0.4664280001523403,
      "rev_growth_yoy": 0.10106140714387436,
      "rev_growth_yoy_accel": 0.1745539474510494,
      "op_leverage_ratio": 1.0187099006243507,
      "fcf_margin_change": 0.042760393791156814
    },
    {
      "date": "2024-03-31T00:00:00",
      "quarter_label": "2024-03 (Q1)",
      "revenue": 887729000,
      "gross_profit": 841650000,
      "operating_income": 679374000,
      "net_income": 572830000,
      "opex": 480791000,
      "cogs": 46079000,
      "rd": null,
      "sga": null,
      "fcf": 399708000,
      "ocf": 399708000,
      "capex": null,
      "gross_margin": 0.9480933933666693,
      "op_margin": 0.7652943634825493,
      "fcf_margin": 0.45025903175406007,
      "incr_op_margin_yoy": 2.5311843483124874,
      "rev_growth_yoy": 0.2094697145161598,
      "rev_growth_yoy_accel": 0.10840830737228545,
      "op_leverage_ratio": null,
      "fcf_margin_change": -0.1012389733915457
    },
    {
      "date": "2024-06-30T00:00:00",
      "quarter_label": "2024-06 (Q2)",
      "revenue": 905629000,
      "gross_profit": 851619000,
      "operating_income": 469749000,
      "net_income": 378648000,
      "opex": 522653000,
      "cogs": 54010000,
      "rd": null,
      "sga": null,
      "fcf": 631418000,
      "ocf": 631418000,
      "capex": null,
      "gross_margin": 0.9403618921213874,
      "op_margin": 0.5186991582645873,
      "fcf_margin": 0.6972148639233063,
      "incr_op_margin_yoy": 0.7951731637945457,
      "rev_growth_yoy": 0.22668579238303446,
      "rev_growth_yoy_accel": 0.01721607786687465,
      "op_leverage_ratio": 0.23158422856628025,
      "fcf_margin_change": 0.24695583216924627
    },
    {
      "date": "2024-09-30T00:00:00",
      "quarter_label": "2024-09 (Q3)",
      "revenue": 883362000,
      "gross_profit": 850515000,
      "operating_income": 395866000,
      "net_income": 288480000,
      "opex": 511940000,
      "cogs": 32847000,
      "rd": null,
      "sga": null,
      "fcf": 551288000,
      "ocf": 551288000,
      "capex": null,
      "gross_margin": 0.9628159237096456,
      "op_margin": 0.44813564540924333,
      "fcf_margin": 0.6240793694997068,
      "incr_op_margin_yoy": 0.32700816961499407,
      "rev_growth_yoy": 0.13833402275477344,
      "rev_growth_yoy_accel": -0.08835176962826102,
      "fcf_margin_change": -0.07313549442359957
    },
    {
      "date": "2024-12-31T00:00:00",
      "quarter_label": "2024-12 (Q4)",
      "revenue": 928503000,
      "gross_profit": 889188000,
      "operating_income": 425743000,
      "net_income": 333613000,
      "opex": 528263000,
      "cogs": 39315000,
      "rd": null,
      "sga": null,
      "fcf": 554446000,
      "ocf": 554446000,
      "capex": null,
      "gross_margin": 0.9576576489252054,
      "op_margin": 0.4585262513960644,
      "fcf_margin": 0.5971396969099723,
      "incr_op_margin_yoy": 0.4812006543850914,
      "rev_growth_yoy": 0.08190904769007047,
      "rev_growth_yoy_accel": -0.05642497506470297,
      "op_leverage_ratio": 1.6026974506068685,
      "fcf_margin_change": -0.02693967258973451
    },
    {
      "date": "2025-03-31T00:00:00",
      "quarter_label": "2025-03 (Q1)",
      "revenue": 917116000,
      "gross_profit": 875624000,
      "operating_income": 409803000,
      "net_income": 309007000,
      "opex": 523081000,
      "cogs": 41492000,
      "rd": null,
      "sga": null,
      "fcf": 530793000,
      "ocf": 530793000,
      "capex": null,
      "gross_margin": 0.9547581767191936,
      "op_margin": 0.44683878593329523,
      "fcf_margin": 0.5787632098883893,
      "incr_op_margin_yoy": -9.173137782012455,
      "rev_growth_yoy": 0.03310357102223764,
      "rev_growth_yoy_accel": -0.04880547666783283,
      "fcf_margin_change": -0.01837648702158301
    },
    {
      "date": "2025-06-30T00:00:00",
      "quarter_label": "2025-06 (Q2)",
      "revenue": 942322000,
      "gross_profit": 899641000,
      "operating_income": 444479000,
      "net_income": 341680000,
      "opex": 524060000,
      "cogs": 42681000,
      "rd": null,
      "sga": null,
      "fcf": 563977000,
      "ocf": 563977000,
      "capex": null,
      "gross_margin": 0.9547065652717436,
      "op_margin": 0.47168483809143796,
      "fcf_margin": 0.5984971166968404,
      "incr_op_margin_yoy": -0.6886872155451994,
      "rev_growth_yoy": 0.040516591231067024,
      "rev_growth_yoy_accel": 0.007413020208829384,
      "op_leverage_ratio": 14.68472829029738,
      "fcf_margin_change": 0.019733906808451107
    },
    {
      "date": "2025-09-30T00:00:00",
      "quarter_label": "2025-09 (Q3)",
      "revenue": 952484000,
      "gross_profit": 901297000,
      "operating_income": 441560000,
      "net_income": 339615000,
      "opex": 525301000,
      "cogs": 51187000,
      "rd": null,
      "sga": null,
      "fcf": 570210000,
      "ocf": 570210000,
      "capex": null,
      "gross_margin": 0.9462594647259167,
      "op_margin": 0.4635878397957341,
      "fcf_margin": 0.5986557254505063,
      "incr_op_margin_yoy": 0.6610630479442146,
      "rev_growth_yoy": 0.07824878136030303,
      "rev_growth_yoy_accel": 0.037732190129236,
      "op_leverage_ratio": 4.553958735576701,
      "fcf_margin_change": 0.00015860875366591198
    },
    {
      "date": "2025-12-31T00:00:00",
      "quarter_label": "2025-12 (Q4)",
      "revenue": 1031481000,
      "gross_profit": 959863000,
      "operating_income": 305560000,
      "net_income": 190681000,
      "opex": 744234000,
      "cogs": 71618000,
      "rd": null,
      "sga": null,
      "fcf": 557645000,
      "ocf": 557645000,
      "capex": null,
      "gross_margin": 0.9305677952381091,
      "op_margin": 0.2962342495886982,
      "fcf_margin": 0.5406255665397618,
      "incr_op_margin_yoy": -1.1670745207714268,
      "rev_growth_yoy": 0.11090755764924831,
      "rev_growth_yoy_accel": 0.032658776288945285,
      "op_leverage_ratio": 0.19899854870969458,
      "fcf_margin_change": -0.05803015891074448
    }
  ],
  "signals": [
    {
      "quarter": "2025-09 (Q3)",
      "signal": "OPERATING LEVERAGE",
      "detail": "Rev growth +1.1% vs OpEx growth +0.2% (leverage: 4.6x)",
      "severity": "MEDIUM"
    },
    {
      "quarter": "2025-09 (Q3)",
      "signal": "INCREMENTAL MARGIN (YoY)",
      "detail": "YoY Incr OPM: +66.1% vs year-ago OPM: +44.8%",
      "severity": "HIGH"
    },
    {
      "quarter": "2025-06 (Q2)",
      "signal": "OPERATING LEVERAGE",
      "detail": "Rev growth +2.7% vs OpEx growth +0.2% (leverage: 14.7x)",
      "severity": "MEDIUM"
    },
    {
      "quarter": "2024-12 (Q4)",
      "signal": "OPERATING LEVERAGE",
      "detail": "Rev growth +5.1% vs OpEx growth +3.2% (leverage: 1.6x)",
      "severity": "MEDIUM"
    },
    {
      "quarter": "2024-12 (Q4)",
      "signal": "YoY REVENUE GROWTH DECELERATION",
      "detail": "YoY growth: +8.2% vs prior quarter YoY: +13.8% (decel: -5.6%)",
      "severity": "WARNING"
    },
    {
      "quarter": "2024-09 (Q3)",
      "signal": "GROSS MARGIN INFLECTION",
      "detail": "GM: +94.8% -> +94.0% -> +96.3% (reversal +2.2%)",
      "severity": "MEDIUM"
    },
    {
      "quarter": "2024-09 (Q3)",
      "signal": "YoY REVENUE GROWTH DECELERATION",
      "detail": "YoY growth: +13.8% vs prior quarter YoY: +22.7% (decel: -8.8%)",
      "severity": "WARNING"
    },
    {
      "quarter": "2024-06 (Q2)",
      "signal": "FCF MARGIN EXPANSION",
      "detail": "FCF margin: +45.0% -> +69.7% (+24.7%)",
      "severity": "MEDIUM"
    },
    {
      "quarter": "2024-06 (Q2)",
      "signal": "INCREMENTAL MARGIN (YoY)",
      "detail": "YoY Incr OPM: +79.5% vs year-ago OPM: +45.6%",
      "severity": "HIGH"
    },
    {
      "quarter": "2024-03 (Q1)",
      "signal": "YoY REVENUE GROWTH ACCELERATION",
      "detail": "YoY growth: +20.9% vs prior quarter YoY: +10.1% (accel: +10.8%)",
      "severity": "MEDIUM"
    },
    {
      "quarter": "2024-03 (Q1)",
      "signal": "INCREMENTAL MARGIN (YoY)",
      "detail": "YoY Incr OPM: +253.1% vs year-ago OPM: +39.5%",
      "severity": "HIGH"
    },
    {
      "quarter": "2023-12 (Q4)",
      "signal": "YoY REVENUE GROWTH ACCELERATION",
      "detail": "YoY growth: +10.1% vs prior quarter YoY: -7.3% (accel: +17.5%)",
      "severity": "HIGH"
    },
    {
      "quarter": "2023-09 (Q3)",
      "signal": "OPERATING LEVERAGE",
      "detail": "Rev growth +5.1% vs OpEx growth +1.2% (leverage: 4.2x)",
      "severity": "MEDIUM"
    },
    {
      "quarter": "2023-09 (Q3)",
      "signal": "YoY REVENUE GROWTH ACCELERATION",
      "detail": "YoY growth: -7.3% vs prior quarter YoY: -15.8% (accel: +8.4%)",
      "severity": "MEDIUM"
    },
    {
      "quarter": "2023-06 (Q2)",
      "signal": "FCF MARGIN EXPANSION",
      "detail": "FCF margin: +41.2% -> +66.5% (+25.3%)",
      "severity": "MEDIUM"
    },
    {
      "quarter": "2023-06 (Q2)",
      "signal": "YoY REVENUE GROWTH DECELERATION",
      "detail": "YoY growth: -15.8% vs prior quarter YoY: -3.2% (decel: -12.6%)",
      "severity": "WARNING"
    },
    {
      "quarter": "2023-03 (Q1)",
      "signal": "YoY REVENUE GROWTH DECELERATION",
      "detail": "YoY growth: -3.2% vs prior quarter YoY: +8.4% (decel: -11.6%)",
      "severity": "WARNING"
    },
    {
      "quarter": "2023-03 (Q1)",
      "signal": "INCREMENTAL MARGIN (YoY)",
      "detail": "YoY Incr OPM: +471.4% vs year-ago OPM: +53.4%",
      "severity": "HIGH"
    },
    {
      "quarter": "2022-12 (Q4)",
      "signal": "FCF MARGIN EXPANSION",
      "detail": "FCF margin: +56.0% -> +62.8% (+6.8%)",
      "severity": "MEDIUM"
    },
    {
      "quarter": "2022-12 (Q4)",
      "signal": "INCREMENTAL MARGIN (YoY)",
      "detail": "YoY Incr OPM: +170.9% vs year-ago OPM: +45.3%",
      "severity": "HIGH"
    },
    {
      "quarter": "2022-09 (Q3)",
      "signal": "GROSS MARGIN INFLECTION",
      "detail": "GM: +90.4% -> +83.0% -> +87.2% (reversal +4.2%)",
      "severity": "MEDIUM"
    },
    {
      "quarter": "2022-09 (Q3)",
      "signal": "YoY REVENUE GROWTH DECELERATION",
      "detail": "YoY growth: +9.7% vs prior quarter YoY: +21.9% (decel: -12.2%)",
      "severity": "WARNING"
    },
    {
      "quarter": "2022-06 (Q2)",
      "signal": "FCF MARGIN EXPANSION",
      "detail": "FCF margin: +36.5% -> +53.3% (+16.8%)",
      "severity": "MEDIUM"
    },
    {
      "quarter": "2022-06 (Q2)",
      "signal": "YoY REVENUE GROWTH ACCELERATION",
      "detail": "YoY growth: +21.9% vs prior quarter YoY: +12.3% (accel: +9.5%)",
      "severity": "MEDIUM"
    },
    {
      "quarter": "2022-03 (Q1)",
      "signal": "INCREMENTAL MARGIN (YoY)",
      "detail": "YoY Incr OPM: +135.0% vs year-ago OPM: +43.3%",
      "severity": "HIGH"
    },
    {
      "quarter": "2021-12 (Q4)",
      "signal": "FCF MARGIN EXPANSION",
      "detail": "FCF margin: +51.2% -> +92.0% (+40.8%)",
      "severity": "MEDIUM"
    },
    {
      "quarter": "2021-06 (Q2)",
      "signal": "FCF MARGIN EXPANSION",
      "detail": "FCF margin: +38.7% -> +62.9% (+24.1%)",
      "severity": "MEDIUM"
    },
    {
      "quarter": "2021-06 (Q2)",
      "signal": "OPERATING LEVERAGE",
      "detail": "Rev growth +6.5% vs OpEx growth +2.3% (leverage: 2.9x)",
      "severity": "MEDIUM"
    }
  ],
  "data_quality": {
    "n_quarters": 20,
    "coverage": {
      "revenue": [
        20,
        20
      ],
      "gross_profit": [
        20,
        20
      ],
      "op_income": [
        20,
        20
      ],
      "fcf": [
        20,
        20
      ]
    },
    "gaps": [],
    "warnings": []
  },
  "market_cap": null,
  "source": "SEC EDGAR",
  "last_updated": "2026-02-24T10:27:21.982646"
}