{
  "ticker": "WFRD",
  "name": "Weatherford International plc",
  "quarters": [
    {
      "date": "2020-12-31T00:00:00",
      "quarter_label": "2020-12 (Q4)",
      "revenue": 842000000,
      "gross_profit": null,
      "operating_income": -107000000,
      "net_income": -200000000,
      "opex": 949000000,
      "cogs": null,
      "rd": 20000000,
      "sga": null,
      "fcf": -32000000,
      "ocf": 22000000,
      "capex": -54000000,
      "gross_margin": null,
      "op_margin": -0.12707838479809977,
      "fcf_margin": -0.03800475059382423
    },
    {
      "date": "2021-03-31T00:00:00",
      "quarter_label": "2021-03 (Q1)",
      "revenue": 832000000,
      "gross_profit": null,
      "operating_income": -13000000,
      "net_income": -116000000,
      "opex": 845000000,
      "cogs": null,
      "rd": 21000000,
      "sga": 188000000,
      "fcf": 59000000,
      "ocf": 74000000,
      "capex": -15000000,
      "gross_margin": null,
      "op_margin": -0.015625,
      "fcf_margin": 0.07091346153846154,
      "fcf_margin_change": 0.10891821213228577
    },
    {
      "date": "2021-06-30T00:00:00",
      "quarter_label": "2021-06 (Q2)",
      "revenue": 903000000,
      "gross_profit": null,
      "operating_income": 25000000,
      "net_income": -78000000,
      "opex": 878000000,
      "cogs": null,
      "rd": 21000000,
      "sga": 188000000,
      "fcf": 37000000,
      "ocf": 46000000,
      "capex": -9000000,
      "gross_margin": null,
      "op_margin": 0.02768549280177187,
      "fcf_margin": 0.04097452934662237,
      "op_leverage_ratio": 2.185132575757576,
      "fcf_margin_change": -0.029938932191839164
    },
    {
      "date": "2021-09-30T00:00:00",
      "quarter_label": "2021-09 (Q3)",
      "revenue": 945000000,
      "gross_profit": null,
      "operating_income": 71000000,
      "net_income": -95000000,
      "opex": 874000000,
      "cogs": null,
      "rd": 21000000,
      "sga": 175000000,
      "fcf": 94000000,
      "ocf": 114000000,
      "capex": -20000000,
      "gross_margin": null,
      "op_margin": 0.07513227513227513,
      "fcf_margin": 0.09947089947089947,
      "op_leverage_ratio": Infinity,
      "fcf_margin_change": 0.0584963701242771
    },
    {
      "date": "2021-12-31T00:00:00",
      "quarter_label": "2021-12 (Q4)",
      "revenue": 965000000,
      "gross_profit": null,
      "operating_income": 33000000,
      "net_income": -161000000,
      "opex": 932000000,
      "cogs": null,
      "rd": 22000000,
      "sga": null,
      "fcf": 47000000,
      "ocf": 88000000,
      "capex": -41000000,
      "gross_margin": null,
      "op_margin": 0.03419689119170984,
      "fcf_margin": 0.04870466321243523,
      "incr_op_margin_yoy": 1.1382113821138211,
      "rev_growth_yoy": 0.14608076009501186,
      "op_leverage_ratio": 0.3189199051268017,
      "fcf_margin_change": -0.05076623625846424
    },
    {
      "date": "2022-03-31T00:00:00",
      "quarter_label": "2022-03 (Q1)",
      "revenue": 938000000,
      "gross_profit": null,
      "operating_income": 18000000,
      "net_income": -80000000,
      "opex": 920000000,
      "cogs": null,
      "rd": 21000000,
      "sga": 178000000,
      "fcf": -84000000,
      "ocf": -64000000,
      "capex": -20000000,
      "gross_margin": null,
      "op_margin": 0.019189765458422176,
      "fcf_margin": -0.08955223880597014,
      "incr_op_margin_yoy": 0.29245283018867924,
      "rev_growth_yoy": 0.12740384615384615,
      "rev_growth_yoy_accel": -0.018676913941165718,
      "fcf_margin_change": -0.13825690201840538
    },
    {
      "date": "2022-06-30T00:00:00",
      "quarter_label": "2022-06 (Q2)",
      "revenue": 1064000000,
      "gross_profit": null,
      "operating_income": 104000000,
      "net_income": 6000000,
      "opex": 960000000,
      "cogs": null,
      "rd": 22000000,
      "sga": 196000000,
      "fcf": 36000000,
      "ocf": 60000000,
      "capex": -24000000,
      "gross_margin": null,
      "op_margin": 0.09774436090225563,
      "fcf_margin": 0.03383458646616541,
      "incr_op_margin_yoy": 0.4906832298136646,
      "rev_growth_yoy": 0.17829457364341086,
      "rev_growth_yoy_accel": 0.05089072748956472,
      "op_leverage_ratio": 3.0895522388059704,
      "fcf_margin_change": 0.12338682527213556
    },
    {
      "date": "2022-09-30T00:00:00",
      "quarter_label": "2022-09 (Q3)",
      "revenue": 1120000000,
      "gross_profit": null,
      "operating_income": 121000000,
      "net_income": 28000000,
      "opex": 999000000,
      "cogs": null,
      "rd": 23000000,
      "sga": 201000000,
      "fcf": 121000000,
      "ocf": 160000000,
      "capex": -39000000,
      "gross_margin": null,
      "op_margin": 0.10803571428571429,
      "fcf_margin": 0.10803571428571429,
      "incr_op_margin_yoy": 0.2857142857142857,
      "rev_growth_yoy": 0.18518518518518517,
      "rev_growth_yoy_accel": 0.006890611541774311,
      "op_leverage_ratio": 1.2955465587044532,
      "fcf_margin_change": 0.07420112781954888
    },
    {
      "date": "2022-12-31T00:00:00",
      "quarter_label": "2022-12 (Q4)",
      "revenue": 1209000000,
      "gross_profit": null,
      "operating_income": 169000000,
      "net_income": 72000000,
      "opex": 1040000000,
      "cogs": null,
      "rd": 24000000,
      "sga": null,
      "fcf": 144000000,
      "ocf": 193000000,
      "capex": -49000000,
      "gross_margin": null,
      "op_margin": 0.13978494623655913,
      "fcf_margin": 0.11910669975186104,
      "incr_op_margin_yoy": 0.5573770491803278,
      "rev_growth_yoy": 0.2528497409326425,
      "rev_growth_yoy_accel": 0.06766455574745733,
      "op_leverage_ratio": 1.936215156794425,
      "fcf_margin_change": 0.011070985466146752
    },
    {
      "date": "2023-03-31T00:00:00",
      "quarter_label": "2023-03 (Q1)",
      "revenue": 1186000000,
      "gross_profit": null,
      "operating_income": 185000000,
      "net_income": 72000000,
      "opex": 1001000000,
      "cogs": null,
      "rd": 26000000,
      "sga": 190000000,
      "fcf": 20000000,
      "ocf": 84000000,
      "capex": -64000000,
      "gross_margin": null,
      "op_margin": 0.15598650927487354,
      "fcf_margin": 0.016863406408094434,
      "incr_op_margin_yoy": 0.6733870967741935,
      "rev_growth_yoy": 0.26439232409381663,
      "rev_growth_yoy_accel": 0.011542583161174125,
      "fcf_margin_change": -0.10224329334376661
    },
    {
      "date": "2023-06-30T00:00:00",
      "quarter_label": "2023-06 (Q2)",
      "revenue": 1274000000,
      "gross_profit": null,
      "operating_income": 201000000,
      "net_income": 82000000,
      "opex": 1073000000,
      "cogs": null,
      "rd": 27000000,
      "sga": 198000000,
      "fcf": 165000000,
      "ocf": 201000000,
      "capex": -36000000,
      "gross_margin": null,
      "op_margin": 0.1577708006279435,
      "fcf_margin": 0.12951334379905807,
      "incr_op_margin_yoy": 0.46190476190476193,
      "rev_growth_yoy": 0.19736842105263158,
      "rev_growth_yoy_accel": -0.06702390304118505,
      "op_leverage_ratio": 1.031572044219599,
      "fcf_margin_change": 0.11264993739096364
    },
    {
      "date": "2023-09-30T00:00:00",
      "quarter_label": "2023-09 (Q3)",
      "revenue": 1313000000,
      "gross_profit": null,
      "operating_income": 218000000,
      "net_income": 123000000,
      "opex": 1095000000,
      "cogs": null,
      "rd": 30000000,
      "sga": 211000000,
      "fcf": 130000000,
      "ocf": 172000000,
      "capex": -42000000,
      "gross_margin": null,
      "op_margin": 0.16603198781416603,
      "fcf_margin": 0.09900990099009901,
      "incr_op_margin_yoy": 0.5025906735751295,
      "rev_growth_yoy": 0.17232142857142857,
      "rev_growth_yoy_accel": -0.025046992481203012,
      "op_leverage_ratio": 1.4930426716141,
      "fcf_margin_change": -0.030503442808959058
    },
    {
      "date": "2023-12-31T00:00:00",
      "quarter_label": "2023-12 (Q4)",
      "revenue": 1362000000,
      "gross_profit": null,
      "operating_income": 216000000,
      "net_income": 140000000,
      "opex": 1146000000,
      "cogs": null,
      "rd": 29000000,
      "sga": null,
      "fcf": 308000000,
      "ocf": 375000000,
      "capex": -67000000,
      "gross_margin": null,
      "op_margin": 0.15859030837004406,
      "fcf_margin": 0.2261380323054332,
      "incr_op_margin_yoy": 0.30718954248366015,
      "rev_growth_yoy": 0.12655086848635236,
      "rev_growth_yoy_accel": -0.04577056008507621,
      "op_leverage_ratio": 0.8012633842569776,
      "fcf_margin_change": 0.12712813131533418
    },
    {
      "date": "2024-03-31T00:00:00",
      "quarter_label": "2024-03 (Q1)",
      "revenue": 1358000000,
      "gross_profit": null,
      "operating_income": 233000000,
      "net_income": 112000000,
      "opex": 1125000000,
      "cogs": null,
      "rd": 31000000,
      "sga": 205000000,
      "fcf": 72000000,
      "ocf": 131000000,
      "capex": -59000000,
      "gross_margin": null,
      "op_margin": 0.1715758468335788,
      "fcf_margin": 0.053019145802650956,
      "incr_op_margin_yoy": 0.27906976744186046,
      "rev_growth_yoy": 0.14502529510961215,
      "rev_growth_yoy_accel": 0.018474426623259793,
      "fcf_margin_change": -0.17311888650278223
    },
    {
      "date": "2024-06-30T00:00:00",
      "quarter_label": "2024-06 (Q2)",
      "revenue": 1405000000,
      "gross_profit": null,
      "operating_income": 264000000,
      "net_income": 125000000,
      "opex": 1141000000,
      "cogs": null,
      "rd": 31000000,
      "sga": 216000000,
      "fcf": 88000000,
      "ocf": 150000000,
      "capex": -62000000,
      "gross_margin": null,
      "op_margin": 0.1879003558718861,
      "fcf_margin": 0.06263345195729537,
      "incr_op_margin_yoy": 0.48091603053435117,
      "rev_growth_yoy": 0.10282574568288853,
      "rev_growth_yoy_accel": -0.04219954942672362,
      "op_leverage_ratio": 2.433495949926362,
      "fcf_margin_change": 0.009614306154644418
    },
    {
      "date": "2024-09-30T00:00:00",
      "quarter_label": "2024-09 (Q3)",
      "revenue": 1409000000,
      "gross_profit": null,
      "operating_income": 243000000,
      "net_income": 157000000,
      "opex": 1166000000,
      "cogs": null,
      "rd": 33000000,
      "sga": 203000000,
      "fcf": 184000000,
      "ocf": 262000000,
      "capex": -78000000,
      "gross_margin": null,
      "op_margin": 0.17246273953158267,
      "fcf_margin": 0.13058907026259758,
      "incr_op_margin_yoy": 0.2604166666666667,
      "rev_growth_yoy": 0.07311500380807312,
      "rev_growth_yoy_accel": -0.029710741874815413,
      "fcf_margin_change": 0.06795561830530221
    },
    {
      "date": "2024-12-31T00:00:00",
      "quarter_label": "2024-12 (Q4)",
      "revenue": 1341000000,
      "gross_profit": null,
      "operating_income": 198000000,
      "net_income": 112000000,
      "opex": 1143000000,
      "cogs": null,
      "rd": 28000000,
      "sga": null,
      "fcf": 149000000,
      "ocf": 249000000,
      "capex": -100000000,
      "gross_margin": null,
      "op_margin": 0.1476510067114094,
      "fcf_margin": 0.1111111111111111,
      "incr_op_margin_yoy": 0.8571428571428571,
      "rev_growth_yoy": -0.015418502202643172,
      "rev_growth_yoy_accel": -0.08853350601071629,
      "fcf_margin_change": -0.01947795915148648
    },
    {
      "date": "2025-03-31T00:00:00",
      "quarter_label": "2025-03 (Q1)",
      "revenue": 1193000000,
      "gross_profit": null,
      "operating_income": 142000000,
      "net_income": 76000000,
      "opex": 1051000000,
      "cogs": null,
      "rd": 29000000,
      "sga": 161000000,
      "fcf": 65000000,
      "ocf": 142000000,
      "capex": -77000000,
      "gross_margin": null,
      "op_margin": 0.11902766135792121,
      "fcf_margin": 0.054484492875104776,
      "incr_op_margin_yoy": 0.5515151515151515,
      "rev_growth_yoy": -0.12150220913107511,
      "rev_growth_yoy_accel": -0.10608370692843194,
      "fcf_margin_change": -0.05662661823600633
    },
    {
      "date": "2025-06-30T00:00:00",
      "quarter_label": "2025-06 (Q2)",
      "revenue": 1204000000,
      "gross_profit": null,
      "operating_income": 237000000,
      "net_income": 136000000,
      "opex": 967000000,
      "cogs": null,
      "rd": 30000000,
      "sga": 164000000,
      "fcf": 74000000,
      "ocf": 128000000,
      "capex": -54000000,
      "gross_margin": null,
      "op_margin": 0.19684385382059802,
      "fcf_margin": 0.061461794019933555,
      "incr_op_margin_yoy": 0.13432835820895522,
      "rev_growth_yoy": -0.14306049822064057,
      "rev_growth_yoy_accel": -0.02155828908956546,
      "fcf_margin_change": 0.006977301144828779
    },
    {
      "date": "2025-09-30T00:00:00",
      "quarter_label": "2025-09 (Q3)",
      "revenue": 1232000000,
      "gross_profit": null,
      "operating_income": 178000000,
      "net_income": 81000000,
      "opex": 1054000000,
      "cogs": null,
      "rd": 27000000,
      "sga": 169000000,
      "fcf": 94000000,
      "ocf": 138000000,
      "capex": -44000000,
      "gross_margin": null,
      "op_margin": 0.1444805194805195,
      "fcf_margin": 0.0762987012987013,
      "incr_op_margin_yoy": 0.3672316384180791,
      "rev_growth_yoy": -0.1256210078069553,
      "rev_growth_yoy_accel": 0.017439490413685282,
      "op_leverage_ratio": 0.2584870355519915,
      "fcf_margin_change": 0.014836907278767741
    }
  ],
  "signals": [
    {
      "quarter": "2025-09 (Q3)",
      "signal": "INCREMENTAL MARGIN (YoY)",
      "detail": "YoY Incr OPM: +36.7% vs year-ago OPM: +17.2%",
      "severity": "MEDIUM"
    },
    {
      "quarter": "2025-03 (Q1)",
      "signal": "YoY REVENUE GROWTH DECELERATION",
      "detail": "YoY growth: -12.2% vs prior quarter YoY: -1.5% (decel: -10.6%)",
      "severity": "WARNING"
    },
    {
      "quarter": "2025-03 (Q1)",
      "signal": "INCREMENTAL MARGIN (YoY)",
      "detail": "YoY Incr OPM: +55.2% vs year-ago OPM: +17.2%",
      "severity": "HIGH"
    },
    {
      "quarter": "2024-12 (Q4)",
      "signal": "YoY REVENUE GROWTH DECELERATION",
      "detail": "YoY growth: -1.5% vs prior quarter YoY: +7.3% (decel: -8.9%)",
      "severity": "WARNING"
    },
    {
      "quarter": "2024-12 (Q4)",
      "signal": "INCREMENTAL MARGIN (YoY)",
      "detail": "YoY Incr OPM: +85.7% vs year-ago OPM: +15.9%",
      "severity": "HIGH"
    },
    {
      "quarter": "2024-09 (Q3)",
      "signal": "FCF MARGIN EXPANSION",
      "detail": "FCF margin: +6.3% -> +13.1% (+6.8%)",
      "severity": "MEDIUM"
    },
    {
      "quarter": "2024-06 (Q2)",
      "signal": "OPERATING LEVERAGE",
      "detail": "Rev growth +3.5% vs OpEx growth +1.4% (leverage: 2.4x)",
      "severity": "MEDIUM"
    },
    {
      "quarter": "2024-06 (Q2)",
      "signal": "INCREMENTAL MARGIN (YoY)",
      "detail": "YoY Incr OPM: +48.1% vs year-ago OPM: +15.8%",
      "severity": "HIGH"
    },
    {
      "quarter": "2024-03 (Q1)",
      "signal": "INCREMENTAL MARGIN (YoY)",
      "detail": "YoY Incr OPM: +27.9% vs year-ago OPM: +15.6%",
      "severity": "MEDIUM"
    },
    {
      "quarter": "2023-12 (Q4)",
      "signal": "FCF MARGIN EXPANSION",
      "detail": "FCF margin: +9.9% -> +22.6% (+12.7%)",
      "severity": "MEDIUM"
    },
    {
      "quarter": "2023-12 (Q4)",
      "signal": "INCREMENTAL MARGIN (YoY)",
      "detail": "YoY Incr OPM: +30.7% vs year-ago OPM: +14.0%",
      "severity": "MEDIUM"
    },
    {
      "quarter": "2023-09 (Q3)",
      "signal": "INCREMENTAL MARGIN (YoY)",
      "detail": "YoY Incr OPM: +50.3% vs year-ago OPM: +10.8%",
      "severity": "HIGH"
    },
    {
      "quarter": "2023-06 (Q2)",
      "signal": "FCF MARGIN EXPANSION",
      "detail": "FCF margin: +1.7% -> +13.0% (+11.3%)",
      "severity": "MEDIUM"
    },
    {
      "quarter": "2023-06 (Q2)",
      "signal": "YoY REVENUE GROWTH DECELERATION",
      "detail": "YoY growth: +19.7% vs prior quarter YoY: +26.4% (decel: -6.7%)",
      "severity": "WARNING"
    },
    {
      "quarter": "2023-06 (Q2)",
      "signal": "INCREMENTAL MARGIN (YoY)",
      "detail": "YoY Incr OPM: +46.2% vs year-ago OPM: +9.8%",
      "severity": "HIGH"
    },
    {
      "quarter": "2023-03 (Q1)",
      "signal": "INCREMENTAL MARGIN (YoY)",
      "detail": "YoY Incr OPM: +67.3% vs year-ago OPM: +1.9%",
      "severity": "HIGH"
    },
    {
      "quarter": "2022-12 (Q4)",
      "signal": "OPERATING LEVERAGE",
      "detail": "Rev growth +7.9% vs OpEx growth +4.1% (leverage: 1.9x)",
      "severity": "MEDIUM"
    },
    {
      "quarter": "2022-12 (Q4)",
      "signal": "YoY REVENUE GROWTH ACCELERATION",
      "detail": "YoY growth: +25.3% vs prior quarter YoY: +18.5% (accel: +6.8%)",
      "severity": "MEDIUM"
    },
    {
      "quarter": "2022-12 (Q4)",
      "signal": "INCREMENTAL MARGIN (YoY)",
      "detail": "YoY Incr OPM: +55.7% vs year-ago OPM: +3.4%",
      "severity": "HIGH"
    },
    {
      "quarter": "2022-09 (Q3)",
      "signal": "FCF MARGIN EXPANSION",
      "detail": "FCF margin: +3.4% -> +10.8% (+7.4%)",
      "severity": "MEDIUM"
    },
    {
      "quarter": "2022-09 (Q3)",
      "signal": "INCREMENTAL MARGIN (YoY)",
      "detail": "YoY Incr OPM: +28.6% vs year-ago OPM: +7.5%",
      "severity": "HIGH"
    },
    {
      "quarter": "2022-06 (Q2)",
      "signal": "FCF TURNED POSITIVE",
      "detail": "FCF margin: -9.0% -> +3.4%",
      "severity": "HIGH"
    },
    {
      "quarter": "2022-06 (Q2)",
      "signal": "OPERATING LEVERAGE",
      "detail": "Rev growth +13.4% vs OpEx growth +4.3% (leverage: 3.1x)",
      "severity": "MEDIUM"
    },
    {
      "quarter": "2022-06 (Q2)",
      "signal": "YoY REVENUE GROWTH ACCELERATION",
      "detail": "YoY growth: +17.8% vs prior quarter YoY: +12.7% (accel: +5.1%)",
      "severity": "MEDIUM"
    },
    {
      "quarter": "2022-06 (Q2)",
      "signal": "INCREMENTAL MARGIN (YoY)",
      "detail": "YoY Incr OPM: +49.1% vs year-ago OPM: +2.8%",
      "severity": "HIGH"
    },
    {
      "quarter": "2022-03 (Q1)",
      "signal": "OP MARGIN TURNED POSITIVE (YoY)",
      "detail": "Op margin: -1.6% (year-ago) -> +1.9%",
      "severity": "HIGH"
    },
    {
      "quarter": "2021-12 (Q4)",
      "signal": "OP MARGIN TURNED POSITIVE (YoY)",
      "detail": "Op margin: -12.7% (year-ago) -> +3.4%",
      "severity": "HIGH"
    },
    {
      "quarter": "2021-09 (Q3)",
      "signal": "FCF MARGIN EXPANSION",
      "detail": "FCF margin: +4.1% -> +9.9% (+5.8%)",
      "severity": "MEDIUM"
    },
    {
      "quarter": "2021-06 (Q2)",
      "signal": "OPERATING LEVERAGE",
      "detail": "Rev growth +8.5% vs OpEx growth +3.9% (leverage: 2.2x)",
      "severity": "MEDIUM"
    },
    {
      "quarter": "2021-06 (Q2)",
      "signal": "OP MARGIN TURNED POSITIVE (QoQ)",
      "detail": "Op margin: -1.6% -> +2.8%",
      "severity": "HIGH"
    },
    {
      "quarter": "2021-03 (Q1)",
      "signal": "FCF TURNED POSITIVE",
      "detail": "FCF margin: -3.8% -> +7.1%",
      "severity": "HIGH"
    }
  ],
  "data_quality": {
    "n_quarters": 20,
    "coverage": {
      "revenue": [
        20,
        20
      ],
      "gross_profit": [
        0,
        20
      ],
      "op_income": [
        20,
        20
      ],
      "fcf": [
        20,
        20
      ]
    },
    "gaps": [],
    "warnings": [
      "gross_profit: no data"
    ]
  },
  "market_cap": null,
  "source": "SEC EDGAR",
  "last_updated": "2026-02-02T20:52:31.450660"
}