{
  "ticker": "WH",
  "name": "Wyndham Hotels\u00a0& Resorts,\u00a0Inc.",
  "sector": "Consumer Cyclical",
  "industry": "Lodging",
  "quarters": [
    {
      "date": "2021-03-31T00:00:00",
      "quarter_label": "2021-03 (Q1)",
      "revenue": 303000000,
      "gross_profit": null,
      "operating_income": 63000000,
      "net_income": 24000000,
      "opex": null,
      "cogs": null,
      "rd": null,
      "sga": null,
      "fcf": 59000000,
      "ocf": 64000000,
      "capex": -5000000,
      "gross_margin": null,
      "op_margin": 0.2079207920792079,
      "fcf_margin": 0.19471947194719472
    },
    {
      "date": "2021-06-30T00:00:00",
      "quarter_label": "2021-06 (Q2)",
      "revenue": 406000000,
      "gross_profit": null,
      "operating_income": 133000000,
      "net_income": 68000000,
      "opex": null,
      "cogs": null,
      "rd": null,
      "sga": null,
      "fcf": 104000000,
      "ocf": 116000000,
      "capex": -12000000,
      "gross_margin": null,
      "op_margin": 0.3275862068965517,
      "fcf_margin": 0.2561576354679803,
      "fcf_margin_change": 0.0614381635207856
    },
    {
      "date": "2021-09-30T00:00:00",
      "quarter_label": "2021-09 (Q3)",
      "revenue": 463000000,
      "gross_profit": null,
      "operating_income": 161000000,
      "net_income": 103000000,
      "opex": null,
      "cogs": null,
      "rd": null,
      "sga": null,
      "fcf": 141000000,
      "ocf": 147000000,
      "capex": -6000000,
      "gross_margin": null,
      "op_margin": 0.34773218142548595,
      "fcf_margin": 0.3045356371490281,
      "fcf_margin_change": 0.04837800168104778
    },
    {
      "date": "2021-12-31T00:00:00",
      "quarter_label": "2021-12 (Q4)",
      "revenue": 392000000,
      "gross_profit": null,
      "operating_income": 88000000,
      "net_income": 49000000,
      "opex": null,
      "cogs": null,
      "rd": null,
      "sga": null,
      "fcf": 85000000,
      "ocf": 99000000,
      "capex": -14000000,
      "gross_margin": null,
      "op_margin": 0.22448979591836735,
      "fcf_margin": 0.21683673469387754,
      "fcf_margin_change": -0.08769890245515055
    },
    {
      "date": "2022-03-31T00:00:00",
      "quarter_label": "2022-03 (Q1)",
      "revenue": 371000000,
      "gross_profit": null,
      "operating_income": 160000000,
      "net_income": 106000000,
      "opex": null,
      "cogs": null,
      "rd": null,
      "sga": null,
      "fcf": 125000000,
      "ocf": 135000000,
      "capex": -10000000,
      "gross_margin": null,
      "op_margin": 0.431266846361186,
      "fcf_margin": 0.33692722371967654,
      "incr_op_margin_yoy": 1.4264705882352942,
      "rev_growth_yoy": 0.22442244224422442,
      "fcf_margin_change": 0.120090489025799
    },
    {
      "date": "2022-06-30T00:00:00",
      "quarter_label": "2022-06 (Q2)",
      "revenue": 386000000,
      "gross_profit": null,
      "operating_income": 145000000,
      "net_income": 92000000,
      "opex": null,
      "cogs": null,
      "rd": null,
      "sga": null,
      "fcf": 99000000,
      "ocf": 107000000,
      "capex": -8000000,
      "gross_margin": null,
      "op_margin": 0.3756476683937824,
      "fcf_margin": 0.25647668393782386,
      "incr_op_margin_yoy": -0.6,
      "rev_growth_yoy": -0.04926108374384237,
      "rev_growth_yoy_accel": -0.2736835259880668,
      "fcf_margin_change": -0.08045053978185268
    },
    {
      "date": "2022-09-30T00:00:00",
      "quarter_label": "2022-09 (Q3)",
      "revenue": 407000000,
      "gross_profit": null,
      "operating_income": 160000000,
      "net_income": 101000000,
      "opex": null,
      "cogs": null,
      "rd": null,
      "sga": null,
      "fcf": 97000000,
      "ocf": 107000000,
      "capex": -10000000,
      "gross_margin": null,
      "op_margin": 0.3931203931203931,
      "fcf_margin": 0.23832923832923833,
      "incr_op_margin_yoy": 0.017857142857142856,
      "rev_growth_yoy": -0.12095032397408208,
      "rev_growth_yoy_accel": -0.0716892402302397,
      "fcf_margin_change": -0.018147445608585527
    },
    {
      "date": "2022-12-31T00:00:00",
      "quarter_label": "2022-12 (Q4)",
      "revenue": 334000000,
      "gross_profit": null,
      "operating_income": 93000000,
      "net_income": 56000000,
      "opex": null,
      "cogs": null,
      "rd": null,
      "sga": null,
      "fcf": 39000000,
      "ocf": 50000000,
      "capex": -11000000,
      "gross_margin": null,
      "op_margin": 0.27844311377245506,
      "fcf_margin": 0.11676646706586827,
      "incr_op_margin_yoy": -0.08620689655172414,
      "rev_growth_yoy": -0.14795918367346939,
      "rev_growth_yoy_accel": -0.027008859699387308,
      "fcf_margin_change": -0.12156277126337006
    },
    {
      "date": "2023-03-31T00:00:00",
      "quarter_label": "2023-03 (Q1)",
      "revenue": 313000000,
      "gross_profit": null,
      "operating_income": 113000000,
      "net_income": 67000000,
      "opex": null,
      "cogs": null,
      "rd": null,
      "sga": null,
      "fcf": 84000000,
      "ocf": 93000000,
      "capex": -9000000,
      "gross_margin": null,
      "op_margin": 0.3610223642172524,
      "fcf_margin": 0.268370607028754,
      "incr_op_margin_yoy": 0.8103448275862069,
      "rev_growth_yoy": -0.15633423180592992,
      "rev_growth_yoy_accel": -0.008375048132460539,
      "fcf_margin_change": 0.15160413996288571
    },
    {
      "date": "2023-06-30T00:00:00",
      "quarter_label": "2023-06 (Q2)",
      "revenue": 362000000,
      "gross_profit": null,
      "operating_income": 123000000,
      "net_income": 70000000,
      "opex": null,
      "cogs": null,
      "rd": null,
      "sga": null,
      "fcf": 74000000,
      "ocf": 83000000,
      "capex": -9000000,
      "gross_margin": null,
      "op_margin": 0.3397790055248619,
      "fcf_margin": 0.20441988950276244,
      "incr_op_margin_yoy": 0.9166666666666666,
      "rev_growth_yoy": -0.06217616580310881,
      "rev_growth_yoy_accel": 0.09415806600282112,
      "fcf_margin_change": -0.06395071752599155
    },
    {
      "date": "2023-09-30T00:00:00",
      "quarter_label": "2023-09 (Q3)",
      "revenue": 402000000,
      "gross_profit": null,
      "operating_income": 163000000,
      "net_income": 103000000,
      "opex": null,
      "cogs": null,
      "rd": null,
      "sga": null,
      "fcf": 67000000,
      "ocf": 77000000,
      "capex": -10000000,
      "gross_margin": null,
      "op_margin": 0.4054726368159204,
      "fcf_margin": 0.16666666666666666,
      "incr_op_margin_yoy": -0.6,
      "rev_growth_yoy": -0.012285012285012284,
      "rev_growth_yoy_accel": 0.049891153518096525,
      "fcf_margin_change": -0.03775322283609578
    },
    {
      "date": "2023-12-31T00:00:00",
      "quarter_label": "2023-12 (Q4)",
      "revenue": 321000000,
      "gross_profit": null,
      "operating_income": 104000000,
      "net_income": 49000000,
      "opex": null,
      "cogs": null,
      "rd": null,
      "sga": null,
      "fcf": 114000000,
      "ocf": 123000000,
      "capex": -9000000,
      "gross_margin": null,
      "op_margin": 0.32398753894080995,
      "fcf_margin": 0.35514018691588783,
      "incr_op_margin_yoy": -0.8461538461538461,
      "rev_growth_yoy": -0.038922155688622756,
      "rev_growth_yoy_accel": -0.026637143403610473,
      "fcf_margin_change": 0.18847352024922118
    },
    {
      "date": "2024-03-31T00:00:00",
      "quarter_label": "2024-03 (Q1)",
      "revenue": 305000000,
      "gross_profit": null,
      "operating_income": 50000000,
      "net_income": 16000000,
      "opex": null,
      "cogs": null,
      "rd": null,
      "sga": null,
      "fcf": 67000000,
      "ocf": 76000000,
      "capex": -9000000,
      "gross_margin": null,
      "op_margin": 0.16393442622950818,
      "fcf_margin": 0.21967213114754097,
      "incr_op_margin_yoy": 7.875,
      "rev_growth_yoy": -0.025559105431309903,
      "rev_growth_yoy_accel": 0.013363050257312853,
      "fcf_margin_change": -0.13546805576834686
    },
    {
      "date": "2024-06-30T00:00:00",
      "quarter_label": "2024-06 (Q2)",
      "revenue": 367000000,
      "gross_profit": null,
      "operating_income": 145000000,
      "net_income": 86000000,
      "opex": null,
      "cogs": null,
      "rd": null,
      "sga": null,
      "fcf": -6000000,
      "ocf": 1000000,
      "capex": -7000000,
      "gross_margin": null,
      "op_margin": 0.39509536784741145,
      "fcf_margin": -0.01634877384196185,
      "incr_op_margin_yoy": 4.4,
      "rev_growth_yoy": 0.013812154696132596,
      "rev_growth_yoy_accel": 0.0393712601274425,
      "fcf_margin_change": -0.23602090498950282
    },
    {
      "date": "2024-09-30T00:00:00",
      "quarter_label": "2024-09 (Q3)",
      "revenue": 396000000,
      "gross_profit": null,
      "operating_income": 171000000,
      "net_income": 102000000,
      "opex": null,
      "cogs": null,
      "rd": null,
      "sga": null,
      "fcf": 71000000,
      "ocf": 79000000,
      "capex": -8000000,
      "gross_margin": null,
      "op_margin": 0.4318181818181818,
      "fcf_margin": 0.17929292929292928,
      "incr_op_margin_yoy": -1.3333333333333333,
      "rev_growth_yoy": -0.014925373134328358,
      "rev_growth_yoy_accel": -0.028737527830460956,
      "fcf_margin_change": 0.19564170313489113
    },
    {
      "date": "2024-12-31T00:00:00",
      "quarter_label": "2024-12 (Q4)",
      "revenue": 341000000,
      "gross_profit": null,
      "operating_income": 129000000,
      "net_income": 85000000,
      "opex": null,
      "cogs": null,
      "rd": null,
      "sga": null,
      "fcf": 109000000,
      "ocf": 134000000,
      "capex": -25000000,
      "gross_margin": null,
      "op_margin": 0.3782991202346041,
      "fcf_margin": 0.3196480938416422,
      "incr_op_margin_yoy": 1.25,
      "rev_growth_yoy": 0.06230529595015576,
      "rev_growth_yoy_accel": 0.07723066908448412,
      "fcf_margin_change": 0.14035516454871294
    },
    {
      "date": "2025-03-31T00:00:00",
      "quarter_label": "2025-03 (Q1)",
      "revenue": 316000000,
      "gross_profit": null,
      "operating_income": 112000000,
      "net_income": 61000000,
      "opex": null,
      "cogs": null,
      "rd": null,
      "sga": null,
      "fcf": 52000000,
      "ocf": 59000000,
      "capex": -7000000,
      "gross_margin": null,
      "op_margin": 0.35443037974683544,
      "fcf_margin": 0.16455696202531644,
      "incr_op_margin_yoy": 5.636363636363637,
      "rev_growth_yoy": 0.036065573770491806,
      "rev_growth_yoy_accel": -0.026239722179663957,
      "fcf_margin_change": -0.15509113181632578
    },
    {
      "date": "2025-06-30T00:00:00",
      "quarter_label": "2025-06 (Q2)",
      "revenue": 397000000,
      "gross_profit": null,
      "operating_income": 150000000,
      "net_income": 87000000,
      "opex": null,
      "cogs": null,
      "rd": null,
      "sga": null,
      "fcf": 58000000,
      "ocf": 70000000,
      "capex": -12000000,
      "gross_margin": null,
      "op_margin": 0.3778337531486146,
      "fcf_margin": 0.14609571788413098,
      "incr_op_margin_yoy": 0.16666666666666666,
      "rev_growth_yoy": 0.08174386920980926,
      "rev_growth_yoy_accel": 0.04567829543931746,
      "fcf_margin_change": -0.018461244141185468
    },
    {
      "date": "2025-09-30T00:00:00",
      "quarter_label": "2025-09 (Q3)",
      "revenue": 382000000,
      "gross_profit": null,
      "operating_income": 178000000,
      "net_income": 105000000,
      "opex": null,
      "cogs": null,
      "rd": null,
      "sga": null,
      "fcf": 75000000,
      "ocf": 86000000,
      "capex": -11000000,
      "gross_margin": null,
      "op_margin": 0.46596858638743455,
      "fcf_margin": 0.19633507853403143,
      "incr_op_margin_yoy": -0.5,
      "rev_growth_yoy": -0.03535353535353535,
      "rev_growth_yoy_accel": -0.11709740456334461,
      "fcf_margin_change": 0.05023936064990045
    },
    {
      "date": "2025-12-31T00:00:00",
      "quarter_label": "2025-12 (Q4)",
      "revenue": 334000000,
      "gross_profit": null,
      "operating_income": -36000000,
      "net_income": -60000000,
      "opex": null,
      "cogs": null,
      "rd": null,
      "sga": null,
      "fcf": 136000000,
      "ocf": 152000000,
      "capex": -16000000,
      "gross_margin": null,
      "op_margin": -0.10778443113772455,
      "fcf_margin": 0.40718562874251496,
      "incr_op_margin_yoy": 23.571428571428573,
      "rev_growth_yoy": -0.020527859237536656,
      "rev_growth_yoy_accel": 0.014825676115998696,
      "fcf_margin_change": 0.21085055020848353
    }
  ],
  "signals": [
    {
      "quarter": "2025-12 (Q4)",
      "signal": "FCF MARGIN EXPANSION",
      "detail": "FCF margin: +19.6% -> +40.7% (+21.1%)",
      "severity": "MEDIUM"
    },
    {
      "quarter": "2025-09 (Q3)",
      "signal": "FCF MARGIN EXPANSION",
      "detail": "FCF margin: +14.6% -> +19.6% (+5.0%)",
      "severity": "MEDIUM"
    },
    {
      "quarter": "2025-09 (Q3)",
      "signal": "YoY REVENUE GROWTH DECELERATION",
      "detail": "YoY growth: -3.5% vs prior quarter YoY: +8.2% (decel: -11.7%)",
      "severity": "WARNING"
    },
    {
      "quarter": "2025-03 (Q1)",
      "signal": "INCREMENTAL MARGIN (YoY)",
      "detail": "YoY Incr OPM: +563.6% vs year-ago OPM: +16.4%",
      "severity": "HIGH"
    },
    {
      "quarter": "2024-12 (Q4)",
      "signal": "FCF MARGIN EXPANSION",
      "detail": "FCF margin: +17.9% -> +32.0% (+14.0%)",
      "severity": "MEDIUM"
    },
    {
      "quarter": "2024-12 (Q4)",
      "signal": "YoY REVENUE GROWTH ACCELERATION",
      "detail": "YoY growth: +6.2% vs prior quarter YoY: -1.5% (accel: +7.7%)",
      "severity": "MEDIUM"
    },
    {
      "quarter": "2024-12 (Q4)",
      "signal": "INCREMENTAL MARGIN (YoY)",
      "detail": "YoY Incr OPM: +125.0% vs year-ago OPM: +32.4%",
      "severity": "HIGH"
    },
    {
      "quarter": "2024-09 (Q3)",
      "signal": "FCF TURNED POSITIVE",
      "detail": "FCF margin: -1.6% -> +17.9%",
      "severity": "HIGH"
    },
    {
      "quarter": "2024-06 (Q2)",
      "signal": "INCREMENTAL MARGIN (YoY)",
      "detail": "YoY Incr OPM: +440.0% vs year-ago OPM: +34.0%",
      "severity": "HIGH"
    },
    {
      "quarter": "2024-03 (Q1)",
      "signal": "INCREMENTAL MARGIN (YoY)",
      "detail": "YoY Incr OPM: +787.5% vs year-ago OPM: +36.1%",
      "severity": "HIGH"
    },
    {
      "quarter": "2023-12 (Q4)",
      "signal": "FCF MARGIN EXPANSION",
      "detail": "FCF margin: +16.7% -> +35.5% (+18.8%)",
      "severity": "MEDIUM"
    },
    {
      "quarter": "2023-06 (Q2)",
      "signal": "YoY REVENUE GROWTH ACCELERATION",
      "detail": "YoY growth: -6.2% vs prior quarter YoY: -15.6% (accel: +9.4%)",
      "severity": "MEDIUM"
    },
    {
      "quarter": "2023-06 (Q2)",
      "signal": "INCREMENTAL MARGIN (YoY)",
      "detail": "YoY Incr OPM: +91.7% vs year-ago OPM: +37.6%",
      "severity": "HIGH"
    },
    {
      "quarter": "2023-03 (Q1)",
      "signal": "FCF MARGIN EXPANSION",
      "detail": "FCF margin: +11.7% -> +26.8% (+15.2%)",
      "severity": "MEDIUM"
    },
    {
      "quarter": "2023-03 (Q1)",
      "signal": "INCREMENTAL MARGIN (YoY)",
      "detail": "YoY Incr OPM: +81.0% vs year-ago OPM: +43.1%",
      "severity": "HIGH"
    },
    {
      "quarter": "2022-09 (Q3)",
      "signal": "YoY REVENUE GROWTH DECELERATION",
      "detail": "YoY growth: -12.1% vs prior quarter YoY: -4.9% (decel: -7.2%)",
      "severity": "WARNING"
    },
    {
      "quarter": "2022-06 (Q2)",
      "signal": "YoY REVENUE GROWTH DECELERATION",
      "detail": "YoY growth: -4.9% vs prior quarter YoY: +22.4% (decel: -27.4%)",
      "severity": "WARNING"
    },
    {
      "quarter": "2022-03 (Q1)",
      "signal": "FCF MARGIN EXPANSION",
      "detail": "FCF margin: +21.7% -> +33.7% (+12.0%)",
      "severity": "MEDIUM"
    },
    {
      "quarter": "2022-03 (Q1)",
      "signal": "INCREMENTAL MARGIN (YoY)",
      "detail": "YoY Incr OPM: +142.6% vs year-ago OPM: +20.8%",
      "severity": "HIGH"
    },
    {
      "quarter": "2021-06 (Q2)",
      "signal": "FCF MARGIN EXPANSION",
      "detail": "FCF margin: +19.5% -> +25.6% (+6.1%)",
      "severity": "MEDIUM"
    }
  ],
  "data_quality": {
    "n_quarters": 20,
    "coverage": {
      "revenue": [
        20,
        20
      ],
      "gross_profit": [
        0,
        20
      ],
      "op_income": [
        20,
        20
      ],
      "fcf": [
        20,
        20
      ]
    },
    "gaps": [],
    "warnings": [
      "gross_profit: no data"
    ]
  },
  "market_cap": null,
  "source": "SEC EDGAR",
  "last_updated": "2026-02-24T10:19:33.890892"
}