{
  "ticker": "WHD",
  "name": "Cactus,\u00a0Inc.",
  "quarters": [
    {
      "date": "2020-12-31T00:00:00",
      "quarter_label": "2020-12 (Q4)",
      "revenue": 68090000,
      "gross_profit": null,
      "operating_income": 8423000,
      "net_income": 3202000,
      "opex": 59667000,
      "cogs": null,
      "rd": null,
      "sga": 8976000,
      "fcf": 21895000,
      "ocf": 21895000,
      "capex": null,
      "gross_margin": null,
      "op_margin": 0.12370392128065795,
      "fcf_margin": 0.321559700396534
    },
    {
      "date": "2021-03-31T00:00:00",
      "quarter_label": "2021-03 (Q1)",
      "revenue": 84417000,
      "gross_profit": null,
      "operating_income": 11635000,
      "net_income": 11559000,
      "opex": 72782000,
      "cogs": null,
      "rd": null,
      "sga": 9627000,
      "fcf": 15747000,
      "ocf": 15747000,
      "capex": null,
      "gross_margin": null,
      "op_margin": 0.13782768873568121,
      "fcf_margin": 0.18653825651231387,
      "op_leverage_ratio": 1.0909101088258253,
      "fcf_margin_change": -0.1350214438842201
    },
    {
      "date": "2021-06-30T00:00:00",
      "quarter_label": "2021-06 (Q2)",
      "revenue": 108893000,
      "gross_profit": null,
      "operating_income": 17314000,
      "net_income": 10393000,
      "opex": 91579000,
      "cogs": null,
      "rd": null,
      "sga": 11384000,
      "fcf": 27482000,
      "ocf": 27482000,
      "capex": null,
      "gross_margin": null,
      "op_margin": 0.15900011938324776,
      "fcf_margin": 0.25237618579706683,
      "op_leverage_ratio": 1.122654119833243,
      "fcf_margin_change": 0.06583792928475296
    },
    {
      "date": "2021-09-30T00:00:00",
      "quarter_label": "2021-09 (Q3)",
      "revenue": 115363000,
      "gross_profit": null,
      "operating_income": 20766000,
      "net_income": 12617000,
      "opex": 94597000,
      "cogs": null,
      "rd": null,
      "sga": 12149000,
      "fcf": 8855000,
      "ocf": 8855000,
      "capex": null,
      "gross_margin": null,
      "op_margin": 0.18000572107174745,
      "fcf_margin": 0.07675771261149589,
      "op_leverage_ratio": 1.80293877653757,
      "fcf_margin_change": -0.17561847318557094
    },
    {
      "date": "2021-12-31T00:00:00",
      "quarter_label": "2021-12 (Q4)",
      "revenue": 129916000,
      "gross_profit": null,
      "operating_income": 25712000,
      "net_income": 15024000,
      "opex": 104204000,
      "cogs": null,
      "rd": null,
      "sga": 12861000,
      "fcf": 11675000,
      "ocf": 11675000,
      "capex": null,
      "gross_margin": null,
      "op_margin": 0.19791249730595153,
      "fcf_margin": 0.08986575941377506,
      "incr_op_margin_yoy": 0.27963963381101803,
      "rev_growth_yoy": 0.9080041122044353,
      "op_leverage_ratio": 1.2421543396734527,
      "fcf_margin_change": 0.013108046802279172
    },
    {
      "date": "2022-03-31T00:00:00",
      "quarter_label": "2022-03 (Q1)",
      "revenue": 145899000,
      "gross_profit": null,
      "operating_income": 30990000,
      "net_income": 20616000,
      "opex": 114909000,
      "cogs": null,
      "rd": null,
      "sga": 14094000,
      "fcf": 17209000,
      "ocf": 17209000,
      "capex": null,
      "gross_margin": null,
      "op_margin": 0.21240721320913783,
      "fcf_margin": 0.1179514595713473,
      "incr_op_margin_yoy": 0.31480758596011843,
      "rev_growth_yoy": 0.7283130175201677,
      "rev_growth_yoy_accel": -0.17969109468426758,
      "op_leverage_ratio": 1.1975492345220902,
      "fcf_margin_change": 0.028085700157572238
    },
    {
      "date": "2022-06-30T00:00:00",
      "quarter_label": "2022-06 (Q2)",
      "revenue": 170215000,
      "gross_profit": null,
      "operating_income": 44241000,
      "net_income": 27144000,
      "opex": 125974000,
      "cogs": null,
      "rd": null,
      "sga": 14740000,
      "fcf": 31014000,
      "ocf": 31014000,
      "capex": null,
      "gross_margin": null,
      "op_margin": 0.2599124636489146,
      "fcf_margin": 0.1822048585612314,
      "incr_op_margin_yoy": 0.4391083134927106,
      "rev_growth_yoy": 0.5631399630830265,
      "rev_growth_yoy_accel": -0.16517305443714125,
      "op_leverage_ratio": 1.7307823048898874,
      "fcf_margin_change": 0.0642533989898841
    },
    {
      "date": "2022-09-30T00:00:00",
      "quarter_label": "2022-09 (Q3)",
      "revenue": 184481000,
      "gross_profit": null,
      "operating_income": 51296000,
      "net_income": 31425000,
      "opex": 133185000,
      "cogs": null,
      "rd": null,
      "sga": 15970000,
      "fcf": 30382000,
      "ocf": 30382000,
      "capex": null,
      "gross_margin": null,
      "op_margin": 0.2780557347369106,
      "fcf_margin": 0.1646890465684813,
      "incr_op_margin_yoy": 0.441708382765705,
      "rev_growth_yoy": 0.5991349046054627,
      "rev_growth_yoy_accel": 0.03599494152243621,
      "op_leverage_ratio": 1.4641643036450678,
      "fcf_margin_change": -0.017515811992750097
    },
    {
      "date": "2022-12-31T00:00:00",
      "quarter_label": "2022-12 (Q4)",
      "revenue": 187774000,
      "gross_profit": null,
      "operating_income": 48221000,
      "net_income": 30989000,
      "opex": 139553000,
      "cogs": null,
      "rd": null,
      "sga": 22896000,
      "fcf": 39279000,
      "ocf": 39279000,
      "capex": null,
      "gross_margin": null,
      "op_margin": 0.25680339131083113,
      "fcf_margin": 0.20918231491047748,
      "incr_op_margin_yoy": 0.38903868090843097,
      "rev_growth_yoy": 0.4453493026263124,
      "rev_growth_yoy_accel": -0.1537856019791503,
      "op_leverage_ratio": 0.37332953290065224,
      "fcf_margin_change": 0.044493268341996184
    },
    {
      "date": "2023-03-31T00:00:00",
      "quarter_label": "2023-03 (Q1)",
      "revenue": 228405000,
      "gross_profit": null,
      "operating_income": 49688000,
      "net_income": 42894000,
      "opex": 178717000,
      "cogs": null,
      "rd": null,
      "sga": 29901000,
      "fcf": 60462000,
      "ocf": 60462000,
      "capex": null,
      "gross_margin": null,
      "op_margin": 0.21754339878724196,
      "fcf_margin": 0.2647139948775202,
      "incr_op_margin_yoy": 0.22662594235570746,
      "rev_growth_yoy": 0.5655007916435342,
      "rev_growth_yoy_accel": 0.12015148901722178,
      "op_leverage_ratio": 0.7710351702494542,
      "fcf_margin_change": 0.055531679967042696
    },
    {
      "date": "2023-06-30T00:00:00",
      "quarter_label": "2023-06 (Q2)",
      "revenue": 305819000,
      "gross_profit": null,
      "operating_income": 48522000,
      "net_income": 24750000,
      "opex": 257297000,
      "cogs": null,
      "rd": null,
      "sga": 38069000,
      "fcf": 108056000,
      "ocf": 108056000,
      "capex": null,
      "gross_margin": null,
      "op_margin": 0.15866247682452692,
      "fcf_margin": 0.3533331807376259,
      "incr_op_margin_yoy": 0.03156986519571694,
      "rev_growth_yoy": 0.7966630437975502,
      "rev_growth_yoy_accel": 0.23116225215401598,
      "op_leverage_ratio": 0.7708462118386924,
      "fcf_margin_change": 0.0886191858601057
    },
    {
      "date": "2023-09-30T00:00:00",
      "quarter_label": "2023-09 (Q3)",
      "revenue": 287870000,
      "gross_profit": null,
      "operating_income": 87603000,
      "net_income": 52580000,
      "opex": 200267000,
      "cogs": null,
      "rd": null,
      "sga": 29549000,
      "fcf": 80084000,
      "ocf": 80084000,
      "capex": null,
      "gross_margin": null,
      "op_margin": 0.3043144474936603,
      "fcf_margin": 0.27819501858477785,
      "incr_op_margin_yoy": 0.351168886438596,
      "rev_growth_yoy": 0.5604316975731918,
      "rev_growth_yoy_accel": -0.23623134622435837,
      "fcf_margin_change": -0.07513816215284802
    },
    {
      "date": "2023-12-31T00:00:00",
      "quarter_label": "2023-12 (Q4)",
      "revenue": 274866000,
      "gross_profit": null,
      "operating_income": 78553000,
      "net_income": 48947000,
      "opex": 196313000,
      "cogs": null,
      "rd": null,
      "sga": 29557000,
      "fcf": 91678000,
      "ocf": 91678000,
      "capex": null,
      "gross_margin": null,
      "op_margin": 0.2857865287085343,
      "fcf_margin": 0.33353706897178986,
      "incr_op_margin_yoy": 0.34827538694713633,
      "rev_growth_yoy": 0.46381288144258526,
      "rev_growth_yoy_accel": -0.09661881613060652,
      "fcf_margin_change": 0.05534205038701201
    },
    {
      "date": "2024-03-31T00:00:00",
      "quarter_label": "2024-03 (Q1)",
      "revenue": 274123000,
      "gross_profit": 105276000,
      "operating_income": 62550000,
      "net_income": 38965000,
      "opex": 211573000,
      "cogs": 168847000,
      "rd": null,
      "sga": 29422000,
      "fcf": 86263000,
      "ocf": 86263000,
      "capex": null,
      "gross_margin": 0.38404657763120936,
      "op_margin": 0.2281822393597035,
      "fcf_margin": 0.3146872024602095,
      "incr_op_margin_yoy": 0.28133339166192745,
      "rev_growth_yoy": 0.20016199295111753,
      "rev_growth_yoy_accel": -0.2636508884914677,
      "fcf_margin_change": -0.018849866511580382
    },
    {
      "date": "2024-06-30T00:00:00",
      "quarter_label": "2024-06 (Q2)",
      "revenue": 290389000,
      "gross_profit": 113922000,
      "operating_income": 79819000,
      "net_income": 49828000,
      "opex": 210570000,
      "cogs": 176467000,
      "rd": null,
      "sga": 31227000,
      "fcf": 77955000,
      "ocf": 77955000,
      "capex": null,
      "gross_margin": 0.39230824859068353,
      "op_margin": 0.2748692271401465,
      "fcf_margin": 0.26845025121474986,
      "incr_op_margin_yoy": -2.0283214517174337,
      "rev_growth_yoy": -0.05045468070983163,
      "rev_growth_yoy_accel": -0.25061667366094914,
      "op_leverage_ratio": Infinity,
      "fcf_margin_change": -0.04623695124545962
    },
    {
      "date": "2024-09-30T00:00:00",
      "quarter_label": "2024-09 (Q3)",
      "revenue": 293181000,
      "gross_profit": 114302000,
      "operating_income": 76792000,
      "net_income": 49927000,
      "opex": 216389000,
      "cogs": 178879000,
      "rd": null,
      "sga": 37372000,
      "fcf": 85300000,
      "ocf": 85300000,
      "capex": null,
      "gross_margin": 0.3898683748264724,
      "op_margin": 0.261926932509269,
      "fcf_margin": 0.29094654837796446,
      "incr_op_margin_yoy": -2.0355865185464133,
      "rev_growth_yoy": 0.01844930003126411,
      "rev_growth_yoy_accel": 0.06890398074109574,
      "fcf_margin_change": 0.022496297163214607
    },
    {
      "date": "2024-12-31T00:00:00",
      "quarter_label": "2024-12 (Q4)",
      "revenue": 272121000,
      "gross_profit": 102893000,
      "operating_income": 70452000,
      "net_income": 46687000,
      "opex": 201669000,
      "cogs": 169228000,
      "rd": null,
      "sga": 32441000,
      "fcf": 66595000,
      "ocf": 66595000,
      "capex": null,
      "gross_margin": 0.37811488271761456,
      "op_margin": 0.25889953366333357,
      "fcf_margin": 0.24472569187971527,
      "incr_op_margin_yoy": 2.951183970856102,
      "rev_growth_yoy": -0.009986684420772303,
      "rev_growth_yoy_accel": -0.028435984452036413,
      "fcf_margin_change": -0.046220856498249197
    },
    {
      "date": "2025-03-31T00:00:00",
      "quarter_label": "2025-03 (Q1)",
      "revenue": 280319000,
      "gross_profit": 107738000,
      "operating_income": 68612000,
      "net_income": 44223000,
      "opex": 211707000,
      "cogs": 172581000,
      "rd": null,
      "sga": 39126000,
      "fcf": 41545000,
      "ocf": 41545000,
      "capex": null,
      "gross_margin": 0.38434069756241995,
      "op_margin": 0.24476400101313148,
      "fcf_margin": 0.1482061508495678,
      "incr_op_margin_yoy": 0.9783731439638477,
      "rev_growth_yoy": 0.02260299208749357,
      "rev_growth_yoy_accel": 0.03258967650826587,
      "op_leverage_ratio": 0.6052541963566439,
      "fcf_margin_change": -0.09651954103014745
    },
    {
      "date": "2025-06-30T00:00:00",
      "quarter_label": "2025-06 (Q2)",
      "revenue": 273575000,
      "gross_profit": 99995000,
      "operating_income": 60805000,
      "net_income": 40329000,
      "opex": 212770000,
      "cogs": 173580000,
      "rd": null,
      "sga": 39190000,
      "fcf": 82835000,
      "ocf": 82835000,
      "capex": null,
      "gross_margin": 0.36551219957963993,
      "op_margin": 0.2222608059946998,
      "fcf_margin": 0.30278716988028875,
      "incr_op_margin_yoy": 1.130843344831688,
      "rev_growth_yoy": -0.057901642279838426,
      "rev_growth_yoy_accel": -0.08050463436733199,
      "fcf_margin_change": 0.15458101903072094
    },
    {
      "date": "2025-09-30T00:00:00",
      "quarter_label": "2025-09 (Q3)",
      "revenue": 263954000,
      "gross_profit": 97123000,
      "operating_income": 61234000,
      "net_income": 41624000,
      "opex": 202720000,
      "cogs": 166831000,
      "rd": null,
      "sga": 35889000,
      "fcf": 61768000,
      "ocf": 61768000,
      "capex": null,
      "gross_margin": 0.3679542647582533,
      "op_margin": 0.23198739174250058,
      "fcf_margin": 0.234010471521553,
      "incr_op_margin_yoy": 0.5323160091696034,
      "rev_growth_yoy": -0.09968927045067723,
      "rev_growth_yoy_accel": -0.0417876281708388,
      "fcf_margin_change": -0.06877669835873576
    }
  ],
  "signals": [
    {
      "quarter": "2025-09 (Q3)",
      "signal": "INCREMENTAL MARGIN (YoY)",
      "detail": "YoY Incr OPM: +53.2% vs year-ago OPM: +26.2%",
      "severity": "HIGH"
    },
    {
      "quarter": "2025-06 (Q2)",
      "signal": "FCF MARGIN EXPANSION",
      "detail": "FCF margin: +14.8% -> +30.3% (+15.5%)",
      "severity": "MEDIUM"
    },
    {
      "quarter": "2025-06 (Q2)",
      "signal": "YoY REVENUE GROWTH DECELERATION",
      "detail": "YoY growth: -5.8% vs prior quarter YoY: +2.3% (decel: -8.1%)",
      "severity": "WARNING"
    },
    {
      "quarter": "2025-06 (Q2)",
      "signal": "INCREMENTAL MARGIN (YoY)",
      "detail": "YoY Incr OPM: +113.1% vs year-ago OPM: +27.5%",
      "severity": "HIGH"
    },
    {
      "quarter": "2025-03 (Q1)",
      "signal": "INCREMENTAL MARGIN (YoY)",
      "detail": "YoY Incr OPM: +97.8% vs year-ago OPM: +22.8%",
      "severity": "HIGH"
    },
    {
      "quarter": "2024-12 (Q4)",
      "signal": "INCREMENTAL MARGIN (YoY)",
      "detail": "YoY Incr OPM: +295.1% vs year-ago OPM: +28.6%",
      "severity": "HIGH"
    },
    {
      "quarter": "2024-09 (Q3)",
      "signal": "YoY REVENUE GROWTH ACCELERATION",
      "detail": "YoY growth: +1.8% vs prior quarter YoY: -5.0% (accel: +6.9%)",
      "severity": "MEDIUM"
    },
    {
      "quarter": "2024-06 (Q2)",
      "signal": "YoY REVENUE GROWTH DECELERATION",
      "detail": "YoY growth: -5.0% vs prior quarter YoY: +20.0% (decel: -25.1%)",
      "severity": "WARNING"
    },
    {
      "quarter": "2024-03 (Q1)",
      "signal": "YoY REVENUE GROWTH DECELERATION",
      "detail": "YoY growth: +20.0% vs prior quarter YoY: +46.4% (decel: -26.4%)",
      "severity": "WARNING"
    },
    {
      "quarter": "2023-12 (Q4)",
      "signal": "FCF MARGIN EXPANSION",
      "detail": "FCF margin: +27.8% -> +33.4% (+5.5%)",
      "severity": "MEDIUM"
    },
    {
      "quarter": "2023-12 (Q4)",
      "signal": "YoY REVENUE GROWTH DECELERATION",
      "detail": "YoY growth: +46.4% vs prior quarter YoY: +56.0% (decel: -9.7%)",
      "severity": "WARNING"
    },
    {
      "quarter": "2023-09 (Q3)",
      "signal": "YoY REVENUE GROWTH DECELERATION",
      "detail": "YoY growth: +56.0% vs prior quarter YoY: +79.7% (decel: -23.6%)",
      "severity": "WARNING"
    },
    {
      "quarter": "2023-06 (Q2)",
      "signal": "FCF MARGIN EXPANSION",
      "detail": "FCF margin: +26.5% -> +35.3% (+8.9%)",
      "severity": "MEDIUM"
    },
    {
      "quarter": "2023-06 (Q2)",
      "signal": "YoY REVENUE GROWTH ACCELERATION",
      "detail": "YoY growth: +79.7% vs prior quarter YoY: +56.6% (accel: +23.1%)",
      "severity": "HIGH"
    },
    {
      "quarter": "2023-03 (Q1)",
      "signal": "FCF MARGIN EXPANSION",
      "detail": "FCF margin: +20.9% -> +26.5% (+5.6%)",
      "severity": "MEDIUM"
    },
    {
      "quarter": "2023-03 (Q1)",
      "signal": "YoY REVENUE GROWTH ACCELERATION",
      "detail": "YoY growth: +56.6% vs prior quarter YoY: +44.5% (accel: +12.0%)",
      "severity": "MEDIUM"
    },
    {
      "quarter": "2022-12 (Q4)",
      "signal": "YoY REVENUE GROWTH DECELERATION",
      "detail": "YoY growth: +44.5% vs prior quarter YoY: +59.9% (decel: -15.4%)",
      "severity": "WARNING"
    },
    {
      "quarter": "2022-12 (Q4)",
      "signal": "INCREMENTAL MARGIN (YoY)",
      "detail": "YoY Incr OPM: +38.9% vs year-ago OPM: +19.8%",
      "severity": "MEDIUM"
    },
    {
      "quarter": "2022-09 (Q3)",
      "signal": "INCREMENTAL MARGIN (YoY)",
      "detail": "YoY Incr OPM: +44.2% vs year-ago OPM: +18.0%",
      "severity": "HIGH"
    },
    {
      "quarter": "2022-06 (Q2)",
      "signal": "FCF MARGIN EXPANSION",
      "detail": "FCF margin: +11.8% -> +18.2% (+6.4%)",
      "severity": "MEDIUM"
    },
    {
      "quarter": "2022-06 (Q2)",
      "signal": "OPERATING LEVERAGE",
      "detail": "Rev growth +16.7% vs OpEx growth +9.6% (leverage: 1.7x)",
      "severity": "MEDIUM"
    },
    {
      "quarter": "2022-06 (Q2)",
      "signal": "YoY REVENUE GROWTH DECELERATION",
      "detail": "YoY growth: +56.3% vs prior quarter YoY: +72.8% (decel: -16.5%)",
      "severity": "WARNING"
    },
    {
      "quarter": "2022-06 (Q2)",
      "signal": "INCREMENTAL MARGIN (YoY)",
      "detail": "YoY Incr OPM: +43.9% vs year-ago OPM: +15.9%",
      "severity": "HIGH"
    },
    {
      "quarter": "2022-03 (Q1)",
      "signal": "YoY REVENUE GROWTH DECELERATION",
      "detail": "YoY growth: +72.8% vs prior quarter YoY: +90.8% (decel: -18.0%)",
      "severity": "WARNING"
    },
    {
      "quarter": "2022-03 (Q1)",
      "signal": "INCREMENTAL MARGIN (YoY)",
      "detail": "YoY Incr OPM: +31.5% vs year-ago OPM: +13.8%",
      "severity": "MEDIUM"
    },
    {
      "quarter": "2021-12 (Q4)",
      "signal": "INCREMENTAL MARGIN (YoY)",
      "detail": "YoY Incr OPM: +28.0% vs year-ago OPM: +12.4%",
      "severity": "MEDIUM"
    },
    {
      "quarter": "2021-09 (Q3)",
      "signal": "OPERATING LEVERAGE",
      "detail": "Rev growth +5.9% vs OpEx growth +3.3% (leverage: 1.8x)",
      "severity": "MEDIUM"
    },
    {
      "quarter": "2021-06 (Q2)",
      "signal": "FCF MARGIN EXPANSION",
      "detail": "FCF margin: +18.7% -> +25.2% (+6.6%)",
      "severity": "MEDIUM"
    }
  ],
  "data_quality": {
    "n_quarters": 20,
    "coverage": {
      "revenue": [
        20,
        20
      ],
      "gross_profit": [
        7,
        20
      ],
      "op_income": [
        20,
        20
      ],
      "fcf": [
        20,
        20
      ]
    },
    "gaps": [],
    "warnings": [
      "gross_profit: 7/20Q"
    ]
  },
  "market_cap": null,
  "source": "SEC EDGAR",
  "last_updated": "2026-02-02T21:14:07.574071"
}