{
  "ticker": "WHG",
  "name": "WESTWOOD HOLDINGS GROUP, INC.",
  "quarters": [
    {
      "date": "2020-12-31T00:00:00",
      "quarter_label": "2020-12 (Q4)",
      "revenue": 17113000,
      "gross_profit": null,
      "operating_income": 2314000,
      "net_income": 2815000,
      "opex": 14799000,
      "cogs": null,
      "rd": null,
      "sga": null,
      "fcf": -2689000,
      "ocf": -2688000,
      "capex": -1000,
      "gross_margin": null,
      "op_margin": 0.13521883947875885,
      "fcf_margin": -0.15713200490854906
    },
    {
      "date": "2021-03-31T00:00:00",
      "quarter_label": "2021-03 (Q1)",
      "revenue": 18319000,
      "gross_profit": null,
      "operating_income": 769000,
      "net_income": 4101000,
      "opex": 17550000,
      "cogs": null,
      "rd": null,
      "sga": null,
      "fcf": -7054000,
      "ocf": -7045000,
      "capex": -9000,
      "gross_margin": null,
      "op_margin": 0.041978273923249085,
      "fcf_margin": -0.38506468693705986,
      "op_leverage_ratio": 0.37910798967234344,
      "fcf_margin_change": -0.2279326820285108
    },
    {
      "date": "2021-06-30T00:00:00",
      "quarter_label": "2021-06 (Q2)",
      "revenue": 17484000,
      "gross_profit": null,
      "operating_income": 778000,
      "net_income": 970000,
      "opex": 16706000,
      "cogs": null,
      "rd": null,
      "sga": null,
      "fcf": 5731000,
      "ocf": 5815000,
      "capex": -84000,
      "gross_margin": null,
      "op_margin": 0.04449782658430565,
      "fcf_margin": 0.32778540379775795,
      "fcf_margin_change": 0.7128500907348179
    },
    {
      "date": "2021-09-30T00:00:00",
      "quarter_label": "2021-09 (Q3)",
      "revenue": 17860000,
      "gross_profit": null,
      "operating_income": 2044000,
      "net_income": 1879000,
      "opex": 15816000,
      "cogs": null,
      "rd": null,
      "sga": null,
      "fcf": 22269000,
      "ocf": 22290000,
      "capex": -21000,
      "gross_margin": null,
      "op_margin": 0.11444568868980963,
      "fcf_margin": 1.2468645016797313,
      "op_leverage_ratio": Infinity,
      "fcf_margin_change": 0.9190790978819734
    },
    {
      "date": "2021-12-31T00:00:00",
      "quarter_label": "2021-12 (Q4)",
      "revenue": 19391000,
      "gross_profit": null,
      "operating_income": 2368000,
      "net_income": 2813000,
      "opex": 17023000,
      "cogs": null,
      "rd": null,
      "sga": null,
      "fcf": -1739000,
      "ocf": -1675000,
      "capex": -64000,
      "gross_margin": null,
      "op_margin": 0.12211850858645763,
      "fcf_margin": -0.08968077974317983,
      "incr_op_margin_yoy": 0.02370500438981563,
      "rev_growth_yoy": 0.13311517559749897,
      "op_leverage_ratio": 1.1232673161689324,
      "fcf_margin_change": -1.336545281422911
    },
    {
      "date": "2022-03-31T00:00:00",
      "quarter_label": "2022-03 (Q1)",
      "revenue": 17216000,
      "gross_profit": null,
      "operating_income": 415000,
      "net_income": 50000,
      "opex": 16801000,
      "cogs": null,
      "rd": null,
      "sga": null,
      "fcf": 8740000,
      "ocf": 8770000,
      "capex": -30000,
      "gross_margin": null,
      "op_margin": 0.024105483271375464,
      "fcf_margin": 0.5076672862453532,
      "incr_op_margin_yoy": 0.3209428830462375,
      "rev_growth_yoy": -0.060210710191604344,
      "rev_growth_yoy_accel": -0.1933258857891033,
      "fcf_margin_change": 0.597348065988533
    },
    {
      "date": "2022-06-30T00:00:00",
      "quarter_label": "2022-06 (Q2)",
      "revenue": 15603000,
      "gross_profit": null,
      "operating_income": -398000,
      "net_income": -378000,
      "opex": 16001000,
      "cogs": null,
      "rd": null,
      "sga": null,
      "fcf": 3319000,
      "ocf": 3371000,
      "capex": -52000,
      "gross_margin": null,
      "op_margin": -0.02550791514452349,
      "fcf_margin": 0.21271550342882778,
      "incr_op_margin_yoy": 0.6251993620414673,
      "rev_growth_yoy": -0.1075840768702814,
      "rev_growth_yoy_accel": -0.04737336667867706,
      "fcf_margin_change": -0.2949517828165254
    },
    {
      "date": "2022-09-30T00:00:00",
      "quarter_label": "2022-09 (Q3)",
      "revenue": 15406000,
      "gross_profit": null,
      "operating_income": -1082000,
      "net_income": -1175000,
      "opex": 16488000,
      "cogs": null,
      "rd": null,
      "sga": null,
      "fcf": 3137000,
      "ocf": 3178000,
      "capex": -41000,
      "gross_margin": null,
      "op_margin": -0.07023237699597559,
      "fcf_margin": 0.2036219654679995,
      "incr_op_margin_yoy": 1.273838630806846,
      "rev_growth_yoy": -0.1374020156774916,
      "rev_growth_yoy_accel": -0.029817938807210204,
      "fcf_margin_change": -0.00909353796082829
    },
    {
      "date": "2022-12-31T00:00:00",
      "quarter_label": "2022-12 (Q4)",
      "revenue": 20456000,
      "gross_profit": null,
      "operating_income": -3808000,
      "net_income": -3125000,
      "opex": 24264000,
      "cogs": null,
      "rd": null,
      "sga": null,
      "fcf": 35974000,
      "ocf": 36171000,
      "capex": -197000,
      "gross_margin": null,
      "op_margin": -0.18615565115369573,
      "fcf_margin": 1.7586038326163473,
      "incr_op_margin_yoy": -5.799061032863849,
      "rev_growth_yoy": 0.054922386674230314,
      "rev_growth_yoy_accel": 0.19232440235172193,
      "op_leverage_ratio": 0.6950454608834461,
      "fcf_margin_change": 1.554981867148348
    },
    {
      "date": "2023-03-31T00:00:00",
      "quarter_label": "2023-03 (Q1)",
      "revenue": 22727000,
      "gross_profit": null,
      "operating_income": 946000,
      "net_income": 693000,
      "opex": 21781000,
      "cogs": null,
      "rd": null,
      "sga": null,
      "fcf": -3263000,
      "ocf": -3179000,
      "capex": -84000,
      "gross_margin": null,
      "op_margin": 0.041624499493993924,
      "fcf_margin": -0.14357372288467463,
      "incr_op_margin_yoy": 0.09635274904735983,
      "rev_growth_yoy": 0.3201092007434944,
      "rev_growth_yoy_accel": 0.2651868140692641,
      "op_leverage_ratio": Infinity,
      "fcf_margin_change": -1.902177555501022
    },
    {
      "date": "2023-06-30T00:00:00",
      "quarter_label": "2023-06 (Q2)",
      "revenue": 21945000,
      "gross_profit": null,
      "operating_income": 3669000,
      "net_income": 2895000,
      "opex": 18276000,
      "cogs": null,
      "rd": null,
      "sga": null,
      "fcf": -736000,
      "ocf": -723000,
      "capex": -13000,
      "gross_margin": null,
      "op_margin": 0.1671907040328093,
      "fcf_margin": -0.03353839143312828,
      "incr_op_margin_yoy": 0.6412803532008831,
      "rev_growth_yoy": 0.4064602960969044,
      "rev_growth_yoy_accel": 0.08635109535341001,
      "fcf_margin_change": 0.11003533145154634
    },
    {
      "date": "2023-09-30T00:00:00",
      "quarter_label": "2023-09 (Q3)",
      "revenue": 21880000,
      "gross_profit": null,
      "operating_income": -1453000,
      "net_income": 3356000,
      "opex": 23333000,
      "cogs": null,
      "rd": null,
      "sga": null,
      "fcf": -1804000,
      "ocf": -1782000,
      "capex": -22000,
      "gross_margin": null,
      "op_margin": -0.06640767824497258,
      "fcf_margin": -0.08244972577696527,
      "incr_op_margin_yoy": -0.05730614766759345,
      "rev_growth_yoy": 0.42022588601843436,
      "rev_growth_yoy_accel": 0.01376558992152993,
      "fcf_margin_change": -0.048911334343836994
    },
    {
      "date": "2023-12-31T00:00:00",
      "quarter_label": "2023-12 (Q4)",
      "revenue": 20456000,
      "gross_profit": null,
      "operating_income": 2843000,
      "net_income": -3125000,
      "opex": 20386000,
      "cogs": null,
      "rd": null,
      "sga": null,
      "fcf": 4471000,
      "ocf": 4499000,
      "capex": -28000,
      "gross_margin": null,
      "op_margin": 0.13898122800156434,
      "fcf_margin": 0.21856667970277668,
      "rev_growth_yoy": 0.0,
      "rev_growth_yoy_accel": -0.42022588601843436,
      "fcf_margin_change": 0.30101640547974196
    },
    {
      "date": "2024-03-31T00:00:00",
      "quarter_label": "2024-03 (Q1)",
      "revenue": 22732000,
      "gross_profit": null,
      "operating_income": 2941000,
      "net_income": 2296000,
      "opex": 19791000,
      "cogs": null,
      "rd": null,
      "sga": null,
      "fcf": 8130000,
      "ocf": 8133000,
      "capex": -3000,
      "gross_margin": null,
      "op_margin": 0.1293770895653704,
      "fcf_margin": 0.35764560971317966,
      "rev_growth_yoy": 0.0002200026400316804,
      "rev_growth_yoy_accel": 0.0002200026400316804,
      "op_leverage_ratio": Infinity,
      "fcf_margin_change": 0.13907893001040297
    },
    {
      "date": "2024-06-30T00:00:00",
      "quarter_label": "2024-06 (Q2)",
      "revenue": 22688000,
      "gross_profit": null,
      "operating_income": -4178000,
      "net_income": -2243000,
      "opex": 26866000,
      "cogs": null,
      "rd": null,
      "sga": null,
      "fcf": 3531000,
      "ocf": 3552000,
      "capex": -21000,
      "gross_margin": null,
      "op_margin": -0.18415021156558534,
      "fcf_margin": 0.15563293370944992,
      "rev_growth_yoy": 0.03385737069947596,
      "rev_growth_yoy_accel": 0.033637368059444284,
      "fcf_margin_change": -0.20201267600372974
    },
    {
      "date": "2024-09-30T00:00:00",
      "quarter_label": "2024-09 (Q3)",
      "revenue": 23719000,
      "gross_profit": null,
      "operating_income": -494000,
      "net_income": 105000,
      "opex": 24213000,
      "cogs": null,
      "rd": null,
      "sga": null,
      "fcf": 519000,
      "ocf": 529000,
      "capex": -10000,
      "gross_margin": null,
      "op_margin": -0.0208271849572073,
      "fcf_margin": 0.02188119229309836,
      "incr_op_margin_yoy": 0.521479064709081,
      "rev_growth_yoy": 0.08404936014625229,
      "rev_growth_yoy_accel": 0.05019198944677633,
      "op_leverage_ratio": Infinity,
      "fcf_margin_change": -0.13375174141635154
    },
    {
      "date": "2024-12-31T00:00:00",
      "quarter_label": "2024-12 (Q4)",
      "revenue": 20456000,
      "gross_profit": null,
      "operating_income": 2561000,
      "net_income": -3125000,
      "opex": 23021000,
      "cogs": null,
      "rd": null,
      "sga": null,
      "fcf": 8833000,
      "ocf": 8908000,
      "capex": -75000,
      "gross_margin": null,
      "op_margin": 0.12519554165037153,
      "fcf_margin": 0.43180484943292924,
      "rev_growth_yoy": 0.0,
      "rev_growth_yoy_accel": -0.08404936014625229,
      "fcf_margin_change": 0.40992365713983087
    },
    {
      "date": "2025-03-31T00:00:00",
      "quarter_label": "2025-03 (Q1)",
      "revenue": 23252000,
      "gross_profit": null,
      "operating_income": -68000,
      "net_income": 478000,
      "opex": 23320000,
      "cogs": null,
      "rd": null,
      "sga": null,
      "fcf": -4906000,
      "ocf": -4900000,
      "capex": -6000,
      "gross_margin": null,
      "op_margin": -0.0029244796146568035,
      "fcf_margin": -0.21099260278685705,
      "rev_growth_yoy": 0.02287524194967447,
      "rev_growth_yoy_accel": 0.02287524194967447,
      "op_leverage_ratio": 10.52372397628387,
      "fcf_margin_change": -0.6427974522197863
    },
    {
      "date": "2025-06-30T00:00:00",
      "quarter_label": "2025-06 (Q2)",
      "revenue": 23120000,
      "gross_profit": null,
      "operating_income": 868000,
      "net_income": 1031000,
      "opex": 22252000,
      "cogs": null,
      "rd": null,
      "sga": null,
      "fcf": 7303000,
      "ocf": 7303000,
      "capex": null,
      "gross_margin": null,
      "op_margin": 0.03754325259515571,
      "fcf_margin": 0.31587370242214535,
      "rev_growth_yoy": 0.01904090267983075,
      "rev_growth_yoy_accel": -0.0038343392698437194,
      "fcf_margin_change": 0.5268663052090024
    },
    {
      "date": "2025-09-30T00:00:00",
      "quarter_label": "2025-09 (Q3)",
      "revenue": 24289000,
      "gross_profit": null,
      "operating_income": 2009000,
      "net_income": 3729000,
      "opex": 22280000,
      "cogs": null,
      "rd": null,
      "sga": null,
      "fcf": 8463000,
      "ocf": 8539000,
      "capex": -76000,
      "gross_margin": null,
      "op_margin": 0.08271233891885216,
      "fcf_margin": 0.3484293301494504,
      "rev_growth_yoy": 0.024031367258316116,
      "rev_growth_yoy_accel": 0.004990464578485367,
      "op_leverage_ratio": 40.182569204152244,
      "fcf_margin_change": 0.032555627727305025
    }
  ],
  "signals": [
    {
      "quarter": "2025-09 (Q3)",
      "signal": "OPERATING LEVERAGE",
      "detail": "Rev growth +5.1% vs OpEx growth +0.1% (leverage: 40.2x)",
      "severity": "MEDIUM"
    },
    {
      "quarter": "2025-09 (Q3)",
      "signal": "OP MARGIN TURNED POSITIVE (YoY)",
      "detail": "Op margin: -2.1% (year-ago) -> +8.3%",
      "severity": "HIGH"
    },
    {
      "quarter": "2025-06 (Q2)",
      "signal": "FCF TURNED POSITIVE",
      "detail": "FCF margin: -21.1% -> +31.6%",
      "severity": "HIGH"
    },
    {
      "quarter": "2025-06 (Q2)",
      "signal": "OP MARGIN TURNED POSITIVE (YoY)",
      "detail": "Op margin: -18.4% (year-ago) -> +3.8%",
      "severity": "HIGH"
    },
    {
      "quarter": "2025-06 (Q2)",
      "signal": "OP MARGIN TURNED POSITIVE (QoQ)",
      "detail": "Op margin: -0.3% -> +3.8%",
      "severity": "HIGH"
    },
    {
      "quarter": "2025-03 (Q1)",
      "signal": "OPERATING LEVERAGE",
      "detail": "Rev growth +13.7% vs OpEx growth +1.3% (leverage: 10.5x)",
      "severity": "MEDIUM"
    },
    {
      "quarter": "2024-12 (Q4)",
      "signal": "FCF MARGIN EXPANSION",
      "detail": "FCF margin: +2.2% -> +43.2% (+41.0%)",
      "severity": "MEDIUM"
    },
    {
      "quarter": "2024-12 (Q4)",
      "signal": "YoY REVENUE GROWTH DECELERATION",
      "detail": "YoY growth: +0.0% vs prior quarter YoY: +8.4% (decel: -8.4%)",
      "severity": "WARNING"
    },
    {
      "quarter": "2024-12 (Q4)",
      "signal": "OP MARGIN TURNED POSITIVE (QoQ)",
      "detail": "Op margin: -2.1% -> +12.5%",
      "severity": "HIGH"
    },
    {
      "quarter": "2024-09 (Q3)",
      "signal": "YoY REVENUE GROWTH ACCELERATION",
      "detail": "YoY growth: +8.4% vs prior quarter YoY: +3.4% (accel: +5.0%)",
      "severity": "MEDIUM"
    },
    {
      "quarter": "2024-03 (Q1)",
      "signal": "FCF MARGIN EXPANSION",
      "detail": "FCF margin: +21.9% -> +35.8% (+13.9%)",
      "severity": "MEDIUM"
    },
    {
      "quarter": "2023-12 (Q4)",
      "signal": "FCF TURNED POSITIVE",
      "detail": "FCF margin: -8.2% -> +21.9%",
      "severity": "HIGH"
    },
    {
      "quarter": "2023-12 (Q4)",
      "signal": "YoY REVENUE GROWTH DECELERATION",
      "detail": "YoY growth: +0.0% vs prior quarter YoY: +42.0% (decel: -42.0%)",
      "severity": "WARNING"
    },
    {
      "quarter": "2023-12 (Q4)",
      "signal": "OP MARGIN TURNED POSITIVE (YoY)",
      "detail": "Op margin: -18.6% (year-ago) -> +13.9%",
      "severity": "HIGH"
    },
    {
      "quarter": "2023-12 (Q4)",
      "signal": "OP MARGIN TURNED POSITIVE (QoQ)",
      "detail": "Op margin: -6.6% -> +13.9%",
      "severity": "HIGH"
    },
    {
      "quarter": "2023-06 (Q2)",
      "signal": "FCF MARGIN EXPANSION",
      "detail": "FCF margin: -14.4% -> -3.4% (+11.0%)",
      "severity": "MEDIUM"
    },
    {
      "quarter": "2023-06 (Q2)",
      "signal": "YoY REVENUE GROWTH ACCELERATION",
      "detail": "YoY growth: +40.6% vs prior quarter YoY: +32.0% (accel: +8.6%)",
      "severity": "MEDIUM"
    },
    {
      "quarter": "2023-06 (Q2)",
      "signal": "OP MARGIN TURNED POSITIVE (YoY)",
      "detail": "Op margin: -2.6% (year-ago) -> +16.7%",
      "severity": "HIGH"
    },
    {
      "quarter": "2023-03 (Q1)",
      "signal": "YoY REVENUE GROWTH ACCELERATION",
      "detail": "YoY growth: +32.0% vs prior quarter YoY: +5.5% (accel: +26.5%)",
      "severity": "HIGH"
    },
    {
      "quarter": "2023-03 (Q1)",
      "signal": "OP MARGIN TURNED POSITIVE (QoQ)",
      "detail": "Op margin: -18.6% -> +4.2%",
      "severity": "HIGH"
    },
    {
      "quarter": "2022-12 (Q4)",
      "signal": "FCF MARGIN EXPANSION",
      "detail": "FCF margin: +20.4% -> +175.9% (+155.5%)",
      "severity": "MEDIUM"
    },
    {
      "quarter": "2022-12 (Q4)",
      "signal": "YoY REVENUE GROWTH ACCELERATION",
      "detail": "YoY growth: +5.5% vs prior quarter YoY: -13.7% (accel: +19.2%)",
      "severity": "HIGH"
    },
    {
      "quarter": "2022-03 (Q1)",
      "signal": "FCF TURNED POSITIVE",
      "detail": "FCF margin: -9.0% -> +50.8%",
      "severity": "HIGH"
    },
    {
      "quarter": "2022-03 (Q1)",
      "signal": "YoY REVENUE GROWTH DECELERATION",
      "detail": "YoY growth: -6.0% vs prior quarter YoY: +13.3% (decel: -19.3%)",
      "severity": "WARNING"
    },
    {
      "quarter": "2022-03 (Q1)",
      "signal": "INCREMENTAL MARGIN (YoY)",
      "detail": "YoY Incr OPM: +32.1% vs year-ago OPM: +4.2%",
      "severity": "HIGH"
    },
    {
      "quarter": "2021-09 (Q3)",
      "signal": "FCF MARGIN EXPANSION",
      "detail": "FCF margin: +32.8% -> +124.7% (+91.9%)",
      "severity": "MEDIUM"
    },
    {
      "quarter": "2021-06 (Q2)",
      "signal": "FCF TURNED POSITIVE",
      "detail": "FCF margin: -38.5% -> +32.8%",
      "severity": "HIGH"
    }
  ],
  "data_quality": {
    "n_quarters": 20,
    "coverage": {
      "revenue": [
        20,
        20
      ],
      "gross_profit": [
        0,
        20
      ],
      "op_income": [
        20,
        20
      ],
      "fcf": [
        20,
        20
      ]
    },
    "gaps": [],
    "warnings": [
      "gross_profit: no data"
    ]
  },
  "market_cap": null,
  "source": "SEC EDGAR",
  "last_updated": "2026-02-02T23:06:22.425641"
}