{
  "ticker": "WHLRL",
  "name": "WHEELER REAL ESTATE INVESTMENT TRUST, INC.",
  "quarters": [
    {
      "date": "2020-12-31T00:00:00",
      "quarter_label": "2020-12 (Q4)",
      "revenue": 15296000,
      "gross_profit": null,
      "operating_income": 5480000,
      "net_income": 1152000,
      "opex": 9865000,
      "cogs": null,
      "rd": null,
      "sga": null,
      "fcf": 1181000,
      "ocf": 1803000,
      "capex": -622000,
      "gross_margin": null,
      "op_margin": 0.35826359832635984,
      "fcf_margin": 0.0772097280334728
    },
    {
      "date": "2021-03-31T00:00:00",
      "quarter_label": "2021-03 (Q1)",
      "revenue": 14728000,
      "gross_profit": null,
      "operating_income": 4722000,
      "net_income": -4049000,
      "opex": 10182000,
      "cogs": null,
      "rd": null,
      "sga": null,
      "fcf": 3777000,
      "ocf": 4739000,
      "capex": -962000,
      "gross_margin": null,
      "op_margin": 0.3206137968495383,
      "fcf_margin": 0.256450298750679,
      "fcf_margin_change": 0.17924057071720617
    },
    {
      "date": "2021-06-30T00:00:00",
      "quarter_label": "2021-06 (Q2)",
      "revenue": 15490000,
      "gross_profit": null,
      "operating_income": 3384000,
      "net_income": -3067000,
      "opex": 12106000,
      "cogs": null,
      "rd": null,
      "sga": null,
      "fcf": 4443000,
      "ocf": 4797000,
      "capex": -354000,
      "gross_margin": null,
      "op_margin": 0.218463524854745,
      "fcf_margin": 0.2868302130406714,
      "op_leverage_ratio": 0.27380364214964975,
      "fcf_margin_change": 0.030379914289992427
    },
    {
      "date": "2021-09-30T00:00:00",
      "quarter_label": "2021-09 (Q3)",
      "revenue": 15508000,
      "gross_profit": null,
      "operating_income": 7012000,
      "net_income": 3026000,
      "opex": 10463000,
      "cogs": null,
      "rd": null,
      "sga": null,
      "fcf": 2502000,
      "ocf": 4977000,
      "capex": -2475000,
      "gross_margin": null,
      "op_margin": 0.45215372710858914,
      "fcf_margin": 0.161336084601496,
      "fcf_margin_change": -0.1254941284391754
    },
    {
      "date": "2021-12-31T00:00:00",
      "quarter_label": "2021-12 (Q4)",
      "revenue": 15584000,
      "gross_profit": null,
      "operating_income": 4392000,
      "net_income": -5353000,
      "opex": 11104000,
      "cogs": null,
      "rd": null,
      "sga": null,
      "fcf": -93000,
      "ocf": 2528000,
      "capex": -2621000,
      "gross_margin": null,
      "op_margin": 0.2818275154004107,
      "fcf_margin": -0.005967659137577002,
      "rev_growth_yoy": 0.01882845188284519,
      "fcf_margin_change": -0.167303743739073
    },
    {
      "date": "2022-03-31T00:00:00",
      "quarter_label": "2022-03 (Q1)",
      "revenue": 15497000,
      "gross_profit": null,
      "operating_income": 4692000,
      "net_income": -4580000,
      "opex": 10790000,
      "cogs": null,
      "rd": null,
      "sga": null,
      "fcf": 1829000,
      "ocf": 3374000,
      "capex": -1545000,
      "gross_margin": null,
      "op_margin": 0.30276827773117376,
      "fcf_margin": 0.11802284313092856,
      "rev_growth_yoy": 0.05221347093970668,
      "rev_growth_yoy_accel": 0.03338501905686149,
      "fcf_margin_change": 0.12399050226850557
    },
    {
      "date": "2022-06-30T00:00:00",
      "quarter_label": "2022-06 (Q2)",
      "revenue": 15479000,
      "gross_profit": null,
      "operating_income": 5349000,
      "net_income": -52000,
      "opex": 10130000,
      "cogs": null,
      "rd": null,
      "sga": null,
      "fcf": 4627000,
      "ocf": 6577000,
      "capex": -1950000,
      "gross_margin": null,
      "op_margin": 0.3455649589766781,
      "fcf_margin": 0.29892111893533174,
      "rev_growth_yoy": -0.000710135571336346,
      "rev_growth_yoy_accel": -0.052923606511043025,
      "fcf_margin_change": 0.18089827580440318
    },
    {
      "date": "2022-09-30T00:00:00",
      "quarter_label": "2022-09 (Q3)",
      "revenue": 18718000,
      "gross_profit": null,
      "operating_income": 4584000,
      "net_income": -4240000,
      "opex": 14134000,
      "cogs": null,
      "rd": null,
      "sga": null,
      "fcf": 15116000,
      "ocf": 18003000,
      "capex": -2887000,
      "gross_margin": null,
      "op_margin": 0.24489795918367346,
      "fcf_margin": 0.8075649107810664,
      "incr_op_margin_yoy": -0.756386292834891,
      "rev_growth_yoy": 0.20698994067578025,
      "rev_growth_yoy_accel": 0.2077000762471166,
      "op_leverage_ratio": 0.5293993750935414,
      "fcf_margin_change": 0.5086437918457347
    },
    {
      "date": "2022-12-31T00:00:00",
      "quarter_label": "2022-12 (Q4)",
      "revenue": 26951000,
      "gross_profit": null,
      "operating_income": 9972000,
      "net_income": -3582000,
      "opex": 19598000,
      "cogs": null,
      "rd": null,
      "sga": null,
      "fcf": 675000,
      "ocf": 2804000,
      "capex": -2129000,
      "gross_margin": null,
      "op_margin": 0.37000482356869874,
      "fcf_margin": 0.025045452858892064,
      "incr_op_margin_yoy": 0.4908946951702296,
      "rev_growth_yoy": 0.7294019507186859,
      "rev_growth_yoy_accel": 0.5224120100429056,
      "op_leverage_ratio": 1.137766307108495,
      "fcf_margin_change": -0.7825194579221744
    },
    {
      "date": "2023-03-31T00:00:00",
      "quarter_label": "2023-03 (Q1)",
      "revenue": 26066000,
      "gross_profit": null,
      "operating_income": 6574000,
      "net_income": -3101000,
      "opex": 19492000,
      "cogs": null,
      "rd": null,
      "sga": null,
      "fcf": -468000,
      "ocf": 3687000,
      "capex": -4155000,
      "gross_margin": null,
      "op_margin": 0.25220593877081254,
      "fcf_margin": -0.017954423386787387,
      "incr_op_margin_yoy": 0.1780679345254991,
      "rev_growth_yoy": 0.6820029683164484,
      "rev_growth_yoy_accel": -0.0473989824022375,
      "fcf_margin_change": -0.042999876245679455
    },
    {
      "date": "2023-06-30T00:00:00",
      "quarter_label": "2023-06 (Q2)",
      "revenue": 24840000,
      "gross_profit": null,
      "operating_income": 6379000,
      "net_income": -3970000,
      "opex": 18461000,
      "cogs": null,
      "rd": null,
      "sga": null,
      "fcf": 7820000,
      "ocf": 7820000,
      "capex": null,
      "gross_margin": null,
      "op_margin": 0.2568035426731079,
      "fcf_margin": 0.3148148148148148,
      "incr_op_margin_yoy": 0.11003097959619698,
      "rev_growth_yoy": 0.6047548291233283,
      "rev_growth_yoy_accel": -0.07724813919312001,
      "fcf_margin_change": 0.3327692382016022
    },
    {
      "date": "2023-09-30T00:00:00",
      "quarter_label": "2023-09 (Q3)",
      "revenue": 25204000,
      "gross_profit": null,
      "operating_income": 9287000,
      "net_income": -14061000,
      "opex": 18121000,
      "cogs": null,
      "rd": null,
      "sga": null,
      "fcf": 3525000,
      "ocf": 3525000,
      "capex": null,
      "gross_margin": null,
      "op_margin": 0.36847325821298205,
      "fcf_margin": 0.13985875257895572,
      "incr_op_margin_yoy": 0.725100215849522,
      "rev_growth_yoy": 0.3465113794208783,
      "rev_growth_yoy_accel": -0.25824344970245006,
      "op_leverage_ratio": Infinity,
      "fcf_margin_change": -0.1749560622358591
    },
    {
      "date": "2023-12-31T00:00:00",
      "quarter_label": "2023-12 (Q4)",
      "revenue": 26215000,
      "gross_profit": null,
      "operating_income": 7167000,
      "net_income": 16445000,
      "opex": 19048000,
      "cogs": null,
      "rd": null,
      "sga": null,
      "fcf": 5902000,
      "ocf": 5902000,
      "capex": null,
      "gross_margin": null,
      "op_margin": 0.2733930955559794,
      "fcf_margin": 0.2251382796109098,
      "rev_growth_yoy": -0.02730881970984379,
      "rev_growth_yoy_accel": -0.37382019913072206,
      "op_leverage_ratio": 0.784122852025851,
      "fcf_margin_change": 0.08527952703195407
    },
    {
      "date": "2024-03-31T00:00:00",
      "quarter_label": "2024-03 (Q1)",
      "revenue": 25872000,
      "gross_profit": null,
      "operating_income": 7478000,
      "net_income": -8707000,
      "opex": 18394000,
      "cogs": null,
      "rd": null,
      "sga": null,
      "fcf": 5234000,
      "ocf": 5234000,
      "capex": null,
      "gross_margin": null,
      "op_margin": 0.2890383426097712,
      "fcf_margin": 0.20230364873222015,
      "rev_growth_yoy": -0.007442645591958874,
      "rev_growth_yoy_accel": 0.019866174117884917,
      "fcf_margin_change": -0.022834630878689643
    },
    {
      "date": "2024-06-30T00:00:00",
      "quarter_label": "2024-06 (Q2)",
      "revenue": 26317000,
      "gross_profit": null,
      "operating_income": 11522000,
      "net_income": -5056000,
      "opex": 17678000,
      "cogs": null,
      "rd": null,
      "sga": null,
      "fcf": 7878000,
      "ocf": 7878000,
      "capex": null,
      "gross_margin": null,
      "op_margin": 0.43781586047041837,
      "fcf_margin": 0.2993502298894251,
      "incr_op_margin_yoy": 3.4820582261340554,
      "rev_growth_yoy": 0.05946054750402577,
      "rev_growth_yoy_accel": 0.06690319309598464,
      "op_leverage_ratio": Infinity,
      "fcf_margin_change": 0.09704658115720496
    },
    {
      "date": "2024-09-30T00:00:00",
      "quarter_label": "2024-09 (Q3)",
      "revenue": 24792000,
      "gross_profit": null,
      "operating_income": 13894000,
      "net_income": -33320000,
      "opex": 17981000,
      "cogs": null,
      "rd": null,
      "sga": null,
      "fcf": 7476000,
      "ocf": 7476000,
      "capex": null,
      "gross_margin": null,
      "op_margin": 0.5604227170054856,
      "fcf_margin": 0.3015488867376573,
      "rev_growth_yoy": -0.01634661164894461,
      "rev_growth_yoy_accel": -0.07580715915297037,
      "fcf_margin_change": 0.0021986568482321722
    },
    {
      "date": "2024-12-31T00:00:00",
      "quarter_label": "2024-12 (Q4)",
      "revenue": 27593000,
      "gross_profit": null,
      "operating_income": 4637000,
      "net_income": 37507000,
      "opex": 18540000,
      "cogs": null,
      "rd": null,
      "sga": null,
      "fcf": 5400000,
      "ocf": 5400000,
      "capex": null,
      "gross_margin": null,
      "op_margin": 0.16804986772007394,
      "fcf_margin": 0.1957018084296742,
      "incr_op_margin_yoy": -1.8359941944847604,
      "rev_growth_yoy": 0.05256532519549876,
      "rev_growth_yoy_accel": 0.06891193684444337,
      "op_leverage_ratio": 3.6341561072560196,
      "fcf_margin_change": -0.1058470783079831
    },
    {
      "date": "2025-03-31T00:00:00",
      "quarter_label": "2025-03 (Q1)",
      "revenue": 24354000,
      "gross_profit": null,
      "operating_income": 12142000,
      "net_income": 3536000,
      "opex": 17900000,
      "cogs": null,
      "rd": null,
      "sga": null,
      "fcf": 4440000,
      "ocf": 4440000,
      "capex": null,
      "gross_margin": null,
      "op_margin": 0.498562864416523,
      "fcf_margin": 0.1823109140182311,
      "incr_op_margin_yoy": -3.072463768115942,
      "rev_growth_yoy": -0.058673469387755105,
      "rev_growth_yoy_accel": -0.11123879458325386,
      "fcf_margin_change": -0.013390894411443088
    },
    {
      "date": "2025-06-30T00:00:00",
      "quarter_label": "2025-06 (Q2)",
      "revenue": 26101000,
      "gross_profit": null,
      "operating_income": 14954000,
      "net_income": -2447000,
      "opex": 16336000,
      "cogs": null,
      "rd": null,
      "sga": null,
      "fcf": 8884000,
      "ocf": 8884000,
      "capex": null,
      "gross_margin": null,
      "op_margin": 0.5729282402973066,
      "fcf_margin": 0.3403701007624229,
      "rev_growth_yoy": -0.00820762244936733,
      "rev_growth_yoy_accel": 0.05046584693838778,
      "op_leverage_ratio": Infinity,
      "fcf_margin_change": 0.1580591867441918
    },
    {
      "date": "2025-09-30T00:00:00",
      "quarter_label": "2025-09 (Q3)",
      "revenue": 23821000,
      "gross_profit": null,
      "operating_income": 5493000,
      "net_income": 11527000,
      "opex": 18325000,
      "cogs": null,
      "rd": null,
      "sga": null,
      "fcf": 5440000,
      "ocf": 5440000,
      "capex": null,
      "gross_margin": null,
      "op_margin": 0.2305948532807187,
      "fcf_margin": 0.22836992569581463,
      "rev_growth_yoy": -0.039165859954824134,
      "rev_growth_yoy_accel": -0.030958237505456804,
      "fcf_margin_change": -0.11200017506660828
    }
  ],
  "signals": [
    {
      "quarter": "2025-06 (Q2)",
      "signal": "FCF MARGIN EXPANSION",
      "detail": "FCF margin: +18.2% -> +34.0% (+15.8%)",
      "severity": "MEDIUM"
    },
    {
      "quarter": "2025-06 (Q2)",
      "signal": "YoY REVENUE GROWTH ACCELERATION",
      "detail": "YoY growth: -0.8% vs prior quarter YoY: -5.9% (accel: +5.0%)",
      "severity": "MEDIUM"
    },
    {
      "quarter": "2025-03 (Q1)",
      "signal": "YoY REVENUE GROWTH DECELERATION",
      "detail": "YoY growth: -5.9% vs prior quarter YoY: +5.3% (decel: -11.1%)",
      "severity": "WARNING"
    },
    {
      "quarter": "2024-12 (Q4)",
      "signal": "OPERATING LEVERAGE",
      "detail": "Rev growth +11.3% vs OpEx growth +3.1% (leverage: 3.6x)",
      "severity": "MEDIUM"
    },
    {
      "quarter": "2024-12 (Q4)",
      "signal": "YoY REVENUE GROWTH ACCELERATION",
      "detail": "YoY growth: +5.3% vs prior quarter YoY: -1.6% (accel: +6.9%)",
      "severity": "MEDIUM"
    },
    {
      "quarter": "2024-09 (Q3)",
      "signal": "YoY REVENUE GROWTH DECELERATION",
      "detail": "YoY growth: -1.6% vs prior quarter YoY: +5.9% (decel: -7.6%)",
      "severity": "WARNING"
    },
    {
      "quarter": "2024-06 (Q2)",
      "signal": "FCF MARGIN EXPANSION",
      "detail": "FCF margin: +20.2% -> +29.9% (+9.7%)",
      "severity": "MEDIUM"
    },
    {
      "quarter": "2024-06 (Q2)",
      "signal": "YoY REVENUE GROWTH ACCELERATION",
      "detail": "YoY growth: +5.9% vs prior quarter YoY: -0.7% (accel: +6.7%)",
      "severity": "MEDIUM"
    },
    {
      "quarter": "2024-06 (Q2)",
      "signal": "INCREMENTAL MARGIN (YoY)",
      "detail": "YoY Incr OPM: +348.2% vs year-ago OPM: +25.7%",
      "severity": "HIGH"
    },
    {
      "quarter": "2023-12 (Q4)",
      "signal": "FCF MARGIN EXPANSION",
      "detail": "FCF margin: +14.0% -> +22.5% (+8.5%)",
      "severity": "MEDIUM"
    },
    {
      "quarter": "2023-12 (Q4)",
      "signal": "YoY REVENUE GROWTH DECELERATION",
      "detail": "YoY growth: -2.7% vs prior quarter YoY: +34.7% (decel: -37.4%)",
      "severity": "WARNING"
    },
    {
      "quarter": "2023-09 (Q3)",
      "signal": "YoY REVENUE GROWTH DECELERATION",
      "detail": "YoY growth: +34.7% vs prior quarter YoY: +60.5% (decel: -25.8%)",
      "severity": "WARNING"
    },
    {
      "quarter": "2023-09 (Q3)",
      "signal": "INCREMENTAL MARGIN (YoY)",
      "detail": "YoY Incr OPM: +72.5% vs year-ago OPM: +24.5%",
      "severity": "HIGH"
    },
    {
      "quarter": "2023-06 (Q2)",
      "signal": "FCF TURNED POSITIVE",
      "detail": "FCF margin: -1.8% -> +31.5%",
      "severity": "HIGH"
    },
    {
      "quarter": "2023-06 (Q2)",
      "signal": "YoY REVENUE GROWTH DECELERATION",
      "detail": "YoY growth: +60.5% vs prior quarter YoY: +68.2% (decel: -7.7%)",
      "severity": "WARNING"
    },
    {
      "quarter": "2022-12 (Q4)",
      "signal": "YoY REVENUE GROWTH ACCELERATION",
      "detail": "YoY growth: +72.9% vs prior quarter YoY: +20.7% (accel: +52.2%)",
      "severity": "HIGH"
    },
    {
      "quarter": "2022-12 (Q4)",
      "signal": "INCREMENTAL MARGIN (YoY)",
      "detail": "YoY Incr OPM: +49.1% vs year-ago OPM: +28.2%",
      "severity": "HIGH"
    },
    {
      "quarter": "2022-09 (Q3)",
      "signal": "FCF MARGIN EXPANSION",
      "detail": "FCF margin: +29.9% -> +80.8% (+50.9%)",
      "severity": "MEDIUM"
    },
    {
      "quarter": "2022-09 (Q3)",
      "signal": "YoY REVENUE GROWTH ACCELERATION",
      "detail": "YoY growth: +20.7% vs prior quarter YoY: -0.1% (accel: +20.8%)",
      "severity": "HIGH"
    },
    {
      "quarter": "2022-06 (Q2)",
      "signal": "FCF MARGIN EXPANSION",
      "detail": "FCF margin: +11.8% -> +29.9% (+18.1%)",
      "severity": "MEDIUM"
    },
    {
      "quarter": "2022-06 (Q2)",
      "signal": "YoY REVENUE GROWTH DECELERATION",
      "detail": "YoY growth: -0.1% vs prior quarter YoY: +5.2% (decel: -5.3%)",
      "severity": "WARNING"
    },
    {
      "quarter": "2022-03 (Q1)",
      "signal": "FCF TURNED POSITIVE",
      "detail": "FCF margin: -0.6% -> +11.8%",
      "severity": "HIGH"
    },
    {
      "quarter": "2021-03 (Q1)",
      "signal": "FCF MARGIN EXPANSION",
      "detail": "FCF margin: +7.7% -> +25.6% (+17.9%)",
      "severity": "MEDIUM"
    }
  ],
  "data_quality": {
    "n_quarters": 20,
    "coverage": {
      "revenue": [
        20,
        20
      ],
      "gross_profit": [
        0,
        20
      ],
      "op_income": [
        20,
        20
      ],
      "fcf": [
        20,
        20
      ]
    },
    "gaps": [],
    "warnings": [
      "gross_profit: no data"
    ]
  },
  "market_cap": null,
  "source": "SEC EDGAR",
  "last_updated": "2026-02-03T01:17:35.330445"
}