{
  "ticker": "WINA",
  "name": "Winmark Corporation",
  "quarters": [
    {
      "date": "2020-12-26T00:00:00",
      "quarter_label": "2020-12 (Q4)",
      "revenue": 16795300,
      "gross_profit": null,
      "operating_income": 10934100,
      "net_income": 8092300,
      "opex": null,
      "cogs": null,
      "rd": null,
      "sga": 5484000,
      "fcf": 11437500,
      "ocf": 11449200,
      "capex": -11700,
      "gross_margin": null,
      "op_margin": 0.6510214167058641,
      "fcf_margin": 0.6809940876316588
    },
    {
      "date": "2021-03-27T00:00:00",
      "quarter_label": "2021-03 (Q1)",
      "revenue": 18658900,
      "gross_profit": null,
      "operating_income": 12657000,
      "net_income": 9311100,
      "opex": null,
      "cogs": null,
      "rd": null,
      "sga": 5102300,
      "fcf": 13550700,
      "ocf": 13585000,
      "capex": -34300,
      "gross_margin": null,
      "op_margin": 0.6783358075770812,
      "fcf_margin": 0.7262325217456549,
      "fcf_margin_change": 0.045238434113996084
    },
    {
      "date": "2021-06-26T00:00:00",
      "quarter_label": "2021-06 (Q2)",
      "revenue": 19029600,
      "gross_profit": null,
      "operating_income": 11976900,
      "net_income": 8937300,
      "opex": null,
      "cogs": null,
      "rd": null,
      "sga": 5805200,
      "fcf": 9525100,
      "ocf": 9539400,
      "capex": -14300,
      "gross_margin": null,
      "op_margin": 0.6293826459831,
      "fcf_margin": 0.500541262033884,
      "fcf_margin_change": -0.22569125971177084
    },
    {
      "date": "2021-09-25T00:00:00",
      "quarter_label": "2021-09 (Q3)",
      "revenue": 20153400,
      "gross_profit": null,
      "operating_income": 13789200,
      "net_income": 10082500,
      "opex": null,
      "cogs": null,
      "rd": null,
      "sga": 5380100,
      "fcf": 11918500,
      "ocf": 11921700,
      "capex": -3200,
      "gross_margin": null,
      "op_margin": 0.6842120932448122,
      "fcf_margin": 0.5913890460170492,
      "fcf_margin_change": 0.09084778398316518
    },
    {
      "date": "2021-12-25T00:00:00",
      "quarter_label": "2021-12 (Q4)",
      "revenue": 20374300,
      "gross_profit": null,
      "operating_income": 12913100,
      "net_income": 11589000,
      "opex": null,
      "cogs": null,
      "rd": null,
      "sga": 6008200,
      "fcf": 13277200,
      "ocf": 13300100,
      "capex": -22900,
      "gross_margin": null,
      "op_margin": 0.6337935536435607,
      "fcf_margin": 0.6516641062515032,
      "incr_op_margin_yoy": 0.5529477507683711,
      "rev_growth_yoy": 0.21309533024119842,
      "fcf_margin_change": 0.06027506023445395
    },
    {
      "date": "2022-03-26T00:00:00",
      "quarter_label": "2022-03 (Q1)",
      "revenue": 20049800,
      "gross_profit": null,
      "operating_income": 13438200,
      "net_income": 9852500,
      "opex": null,
      "cogs": null,
      "rd": null,
      "sga": 5540000,
      "fcf": 13326400,
      "ocf": 13347900,
      "capex": -21500,
      "gross_margin": null,
      "op_margin": 0.670241099661842,
      "fcf_margin": 0.6646649841893685,
      "incr_op_margin_yoy": 0.5616507297433316,
      "rev_growth_yoy": 0.07454351542695443,
      "rev_growth_yoy_accel": -0.138551814814244,
      "fcf_margin_change": 0.013000877937865307
    },
    {
      "date": "2022-06-25T00:00:00",
      "quarter_label": "2022-06 (Q2)",
      "revenue": 19070800,
      "gross_profit": null,
      "operating_income": 12355100,
      "net_income": 9027200,
      "opex": null,
      "cogs": null,
      "rd": null,
      "sga": 5461600,
      "fcf": 8999600,
      "ocf": 9021100,
      "capex": -21500,
      "gross_margin": null,
      "op_margin": 0.6478543113031441,
      "fcf_margin": 0.47190469198984836,
      "rev_growth_yoy": 0.0021650481355362174,
      "rev_growth_yoy_accel": -0.07237846729141821,
      "fcf_margin_change": -0.19276029219952012
    },
    {
      "date": "2022-09-24T00:00:00",
      "quarter_label": "2022-09 (Q3)",
      "revenue": 21164500,
      "gross_profit": null,
      "operating_income": 14421100,
      "net_income": 10368600,
      "opex": null,
      "cogs": null,
      "rd": null,
      "sga": 5671500,
      "fcf": 11809300,
      "ocf": 11836300,
      "capex": -27000,
      "gross_margin": null,
      "op_margin": 0.6813815587422335,
      "fcf_margin": 0.5579768007748824,
      "incr_op_margin_yoy": 0.6249629116803481,
      "rev_growth_yoy": 0.05017019460736154,
      "rev_growth_yoy_accel": 0.04800514647182532,
      "fcf_margin_change": 0.08607210878503407
    },
    {
      "date": "2022-12-31T00:00:00",
      "quarter_label": "2022-12 (Q4)",
      "revenue": 21125700,
      "gross_profit": null,
      "operating_income": 13398400,
      "net_income": 10176600,
      "opex": null,
      "cogs": null,
      "rd": null,
      "sga": 6485300,
      "fcf": 9514900,
      "ocf": 9584000,
      "capex": -69100,
      "gross_margin": null,
      "op_margin": 0.6342227713164534,
      "fcf_margin": 0.4503945431393989,
      "rev_growth_yoy": 0.03687979464325155,
      "rev_growth_yoy_accel": -0.013290399964109988,
      "fcf_margin_change": -0.10758225763548351
    },
    {
      "date": "2023-04-01T00:00:00",
      "quarter_label": "2023-04 (Q2)",
      "revenue": 20523600,
      "gross_profit": null,
      "operating_income": 12388400,
      "net_income": 8942700,
      "opex": null,
      "cogs": null,
      "rd": null,
      "sga": 6636100,
      "fcf": 13845000,
      "ocf": 13850500,
      "capex": -5500,
      "gross_margin": null,
      "op_margin": 0.603617299109318,
      "fcf_margin": 0.674589253347366,
      "rev_growth_yoy": 0.023631158415545292,
      "rev_growth_yoy_accel": -0.013248636227706258,
      "fcf_margin_change": 0.22419471020796705
    },
    {
      "date": "2023-07-01T00:00:00",
      "quarter_label": "2023-07 (Q3)",
      "revenue": 20362200,
      "gross_profit": null,
      "operating_income": 13250800,
      "net_income": 10368800,
      "opex": null,
      "cogs": null,
      "rd": null,
      "sga": 5810000,
      "fcf": 9210400,
      "ocf": 9301800,
      "capex": -91400,
      "gross_margin": null,
      "op_margin": 0.6507548300281895,
      "fcf_margin": 0.45232833387355004,
      "incr_op_margin_yoy": 0.6935883537246399,
      "rev_growth_yoy": 0.0677160895190553,
      "rev_growth_yoy_accel": 0.044084931103510014,
      "fcf_margin_change": -0.22226091947381593
    },
    {
      "date": "2023-09-30T00:00:00",
      "quarter_label": "2023-09 (Q3)",
      "revenue": 22317800,
      "gross_profit": null,
      "operating_income": 15122500,
      "net_income": 11149800,
      "opex": null,
      "cogs": null,
      "rd": null,
      "sga": 6248200,
      "fcf": 11891300,
      "ocf": 12079100,
      "capex": -187800,
      "gross_margin": null,
      "op_margin": 0.6775981503553218,
      "fcf_margin": 0.5328168547079013,
      "incr_op_margin_yoy": 0.6081678661232983,
      "rev_growth_yoy": 0.05449219211415342,
      "rev_growth_yoy_accel": -0.013223897404901888,
      "fcf_margin_change": 0.08048852083435126
    },
    {
      "date": "2023-12-30T00:00:00",
      "quarter_label": "2023-12 (Q4)",
      "revenue": 20039900,
      "gross_profit": null,
      "operating_income": 12518900,
      "net_income": 9716800,
      "opex": null,
      "cogs": null,
      "rd": null,
      "sga": 6414400,
      "fcf": 8663700,
      "ocf": 8762900,
      "capex": -99200,
      "gross_margin": null,
      "op_margin": 0.6246987260415471,
      "fcf_margin": 0.43232251657942405,
      "incr_op_margin_yoy": 0.8100018419598453,
      "rev_growth_yoy": -0.05139711346842945,
      "rev_growth_yoy_accel": -0.10588930558258286,
      "fcf_margin_change": -0.10049433812847725
    },
    {
      "date": "2024-03-30T00:00:00",
      "quarter_label": "2024-03 (Q1)",
      "revenue": 20109500,
      "gross_profit": null,
      "operating_income": 12218200,
      "net_income": 8819000,
      "opex": null,
      "cogs": null,
      "rd": null,
      "sga": 6817300,
      "fcf": 13276100,
      "ocf": 13364000,
      "capex": -87900,
      "gross_margin": null,
      "op_margin": 0.607583480444566,
      "fcf_margin": 0.660190457246575,
      "rev_growth_yoy": -0.02017677210625816,
      "rev_growth_yoy_accel": 0.031220341362171288,
      "fcf_margin_change": 0.22786794066715094
    },
    {
      "date": "2024-06-29T00:00:00",
      "quarter_label": "2024-06 (Q2)",
      "revenue": 20120500,
      "gross_profit": null,
      "operating_income": 13017600,
      "net_income": 10431400,
      "opex": null,
      "cogs": null,
      "rd": null,
      "sga": 6241800,
      "fcf": 8119300,
      "ocf": 8222000,
      "capex": -102700,
      "gross_margin": null,
      "op_margin": 0.6469819338485624,
      "fcf_margin": 0.4035337094008598,
      "rev_growth_yoy": -0.011870033689876339,
      "rev_growth_yoy_accel": 0.008306738416381822,
      "fcf_margin_change": -0.2566567478457152
    },
    {
      "date": "2024-09-28T00:00:00",
      "quarter_label": "2024-09 (Q3)",
      "revenue": 21510900,
      "gross_profit": null,
      "operating_income": 14928600,
      "net_income": 11120700,
      "opex": null,
      "cogs": null,
      "rd": null,
      "sga": 5919800,
      "fcf": 12109700,
      "ocf": 12114000,
      "capex": -4300,
      "gross_margin": null,
      "op_margin": 0.6940016456773078,
      "fcf_margin": 0.5629564546346271,
      "rev_growth_yoy": -0.036154997356370254,
      "rev_growth_yoy_accel": -0.024284963666493915,
      "fcf_margin_change": 0.15942274523376726
    },
    {
      "date": "2024-12-28T00:00:00",
      "quarter_label": "2024-12 (Q4)",
      "revenue": 19548000,
      "gross_profit": null,
      "operating_income": 12766200,
      "net_income": 9583000,
      "opex": null,
      "cogs": null,
      "rd": null,
      "sga": 5965200,
      "fcf": 8457900,
      "ocf": 8457900,
      "capex": null,
      "gross_margin": null,
      "op_margin": 0.6530693677102517,
      "fcf_margin": 0.43267341927562925,
      "rev_growth_yoy": -0.02454603066881571,
      "rev_growth_yoy_accel": 0.011608966687554543,
      "fcf_margin_change": -0.13028303535899782
    },
    {
      "date": "2025-03-29T00:00:00",
      "quarter_label": "2025-03 (Q1)",
      "revenue": 21919700,
      "gross_profit": null,
      "operating_income": 13596600,
      "net_income": 9956400,
      "opex": null,
      "cogs": null,
      "rd": null,
      "sga": 7434800,
      "fcf": 15027200,
      "ocf": 15078400,
      "capex": -51200,
      "gross_margin": null,
      "op_margin": 0.6202913361040525,
      "fcf_margin": 0.6855568278762939,
      "incr_op_margin_yoy": 0.7614628217876478,
      "rev_growth_yoy": 0.09001715607051394,
      "rev_growth_yoy_accel": 0.11456318673932965,
      "fcf_margin_change": 0.25288340860066466
    },
    {
      "date": "2025-06-28T00:00:00",
      "quarter_label": "2025-06 (Q2)",
      "revenue": 20416800,
      "gross_profit": null,
      "operating_income": 13061100,
      "net_income": 10601200,
      "opex": null,
      "cogs": null,
      "rd": null,
      "sga": 6589200,
      "fcf": 8990200,
      "ocf": 9044900,
      "capex": -54700,
      "gross_margin": null,
      "op_margin": 0.6397231691548136,
      "fcf_margin": 0.44033345088358605,
      "rev_growth_yoy": 0.014726274197957308,
      "rev_growth_yoy_accel": -0.07529088187255664,
      "fcf_margin_change": -0.24522337699270785
    },
    {
      "date": "2025-09-27T00:00:00",
      "quarter_label": "2025-09 (Q3)",
      "revenue": 22632900,
      "gross_profit": null,
      "operating_income": 14923200,
      "net_income": 11136500,
      "opex": null,
      "cogs": null,
      "rd": null,
      "sga": 7046400,
      "fcf": 12183700,
      "ocf": 12250500,
      "capex": -66800,
      "gross_margin": null,
      "op_margin": 0.6593587211537187,
      "fcf_margin": 0.5383181121288036,
      "incr_op_margin_yoy": -0.004812834224598931,
      "rev_growth_yoy": 0.05215960280601927,
      "rev_growth_yoy_accel": 0.037433328608061964,
      "fcf_margin_change": 0.0979846612452176
    }
  ],
  "signals": [
    {
      "quarter": "2025-09 (Q3)",
      "signal": "FCF MARGIN EXPANSION",
      "detail": "FCF margin: +44.0% -> +53.8% (+9.8%)",
      "severity": "MEDIUM"
    },
    {
      "quarter": "2025-06 (Q2)",
      "signal": "YoY REVENUE GROWTH DECELERATION",
      "detail": "YoY growth: +1.5% vs prior quarter YoY: +9.0% (decel: -7.5%)",
      "severity": "WARNING"
    },
    {
      "quarter": "2025-03 (Q1)",
      "signal": "FCF MARGIN EXPANSION",
      "detail": "FCF margin: +43.3% -> +68.6% (+25.3%)",
      "severity": "MEDIUM"
    },
    {
      "quarter": "2025-03 (Q1)",
      "signal": "YoY REVENUE GROWTH ACCELERATION",
      "detail": "YoY growth: +9.0% vs prior quarter YoY: -2.5% (accel: +11.5%)",
      "severity": "MEDIUM"
    },
    {
      "quarter": "2025-03 (Q1)",
      "signal": "INCREMENTAL MARGIN (YoY)",
      "detail": "YoY Incr OPM: +76.1% vs year-ago OPM: +60.8%",
      "severity": "MEDIUM"
    },
    {
      "quarter": "2024-09 (Q3)",
      "signal": "FCF MARGIN EXPANSION",
      "detail": "FCF margin: +40.4% -> +56.3% (+15.9%)",
      "severity": "MEDIUM"
    },
    {
      "quarter": "2024-03 (Q1)",
      "signal": "FCF MARGIN EXPANSION",
      "detail": "FCF margin: +43.2% -> +66.0% (+22.8%)",
      "severity": "MEDIUM"
    },
    {
      "quarter": "2023-12 (Q4)",
      "signal": "YoY REVENUE GROWTH DECELERATION",
      "detail": "YoY growth: -5.1% vs prior quarter YoY: +5.4% (decel: -10.6%)",
      "severity": "WARNING"
    },
    {
      "quarter": "2023-12 (Q4)",
      "signal": "INCREMENTAL MARGIN (YoY)",
      "detail": "YoY Incr OPM: +81.0% vs year-ago OPM: +63.4%",
      "severity": "MEDIUM"
    },
    {
      "quarter": "2023-09 (Q3)",
      "signal": "FCF MARGIN EXPANSION",
      "detail": "FCF margin: +45.2% -> +53.3% (+8.0%)",
      "severity": "MEDIUM"
    },
    {
      "quarter": "2023-04 (Q2)",
      "signal": "FCF MARGIN EXPANSION",
      "detail": "FCF margin: +45.0% -> +67.5% (+22.4%)",
      "severity": "MEDIUM"
    },
    {
      "quarter": "2022-09 (Q3)",
      "signal": "FCF MARGIN EXPANSION",
      "detail": "FCF margin: +47.2% -> +55.8% (+8.6%)",
      "severity": "MEDIUM"
    },
    {
      "quarter": "2022-06 (Q2)",
      "signal": "YoY REVENUE GROWTH DECELERATION",
      "detail": "YoY growth: +0.2% vs prior quarter YoY: +7.5% (decel: -7.2%)",
      "severity": "WARNING"
    },
    {
      "quarter": "2022-03 (Q1)",
      "signal": "YoY REVENUE GROWTH DECELERATION",
      "detail": "YoY growth: +7.5% vs prior quarter YoY: +21.3% (decel: -13.9%)",
      "severity": "WARNING"
    },
    {
      "quarter": "2021-12 (Q4)",
      "signal": "FCF MARGIN EXPANSION",
      "detail": "FCF margin: +59.1% -> +65.2% (+6.0%)",
      "severity": "MEDIUM"
    },
    {
      "quarter": "2021-09 (Q3)",
      "signal": "FCF MARGIN EXPANSION",
      "detail": "FCF margin: +50.1% -> +59.1% (+9.1%)",
      "severity": "MEDIUM"
    }
  ],
  "data_quality": {
    "n_quarters": 20,
    "coverage": {
      "revenue": [
        20,
        20
      ],
      "gross_profit": [
        0,
        20
      ],
      "op_income": [
        20,
        20
      ],
      "fcf": [
        20,
        20
      ]
    },
    "gaps": [],
    "warnings": [
      "gross_profit: no data"
    ]
  },
  "market_cap": null,
  "source": "SEC EDGAR",
  "last_updated": "2026-02-02T21:44:47.692685"
}