{
  "ticker": "WK",
  "name": "WORKIVA INC",
  "quarters": [
    {
      "date": "2020-12-31T00:00:00",
      "quarter_label": "2020-12 (Q4)",
      "revenue": 93834000,
      "gross_profit": 70183000,
      "operating_income": -5140000,
      "net_income": -8013000,
      "opex": 75323000,
      "cogs": 23651000,
      "rd": 24386000,
      "sga": null,
      "fcf": 13243000,
      "ocf": 13353000,
      "capex": -110000,
      "gross_margin": 0.7479485048063602,
      "op_margin": -0.054777585949655774,
      "fcf_margin": 0.1411322122045314
    },
    {
      "date": "2021-03-31T00:00:00",
      "quarter_label": "2021-03 (Q1)",
      "revenue": 104222000,
      "gross_profit": 80546000,
      "operating_income": -4144000,
      "net_income": -7324000,
      "opex": 84690000,
      "cogs": 23676000,
      "rd": 26634000,
      "sga": null,
      "fcf": 10654000,
      "ocf": 11503000,
      "capex": -849000,
      "gross_margin": 0.7728310721344822,
      "op_margin": -0.03976127880869682,
      "fcf_margin": 0.10222409855884554,
      "op_leverage_ratio": 0.8902229775566877,
      "fcf_margin_change": -0.03890811364568586
    },
    {
      "date": "2021-06-30T00:00:00",
      "quarter_label": "2021-06 (Q2)",
      "revenue": 105587000,
      "gross_profit": 80996000,
      "operating_income": -5743000,
      "net_income": -9514000,
      "opex": 86739000,
      "cogs": 24591000,
      "rd": 27830000,
      "sga": null,
      "fcf": 11949000,
      "ocf": 12760000,
      "capex": -811000,
      "gross_margin": 0.7671020106641916,
      "op_margin": -0.05439116557909591,
      "fcf_margin": 0.11316734067640903,
      "op_leverage_ratio": 0.5413316539958221,
      "fcf_margin_change": 0.010943242117563493
    },
    {
      "date": "2021-09-30T00:00:00",
      "quarter_label": "2021-09 (Q3)",
      "revenue": 112693000,
      "gross_profit": 86288000,
      "operating_income": -7969000,
      "net_income": -6568000,
      "opex": 94257000,
      "cogs": 26405000,
      "rd": 29841000,
      "sga": null,
      "fcf": 15542000,
      "ocf": 16313000,
      "capex": -771000,
      "gross_margin": 0.7656908592370423,
      "op_margin": -0.0707142413459576,
      "fcf_margin": 0.13791451110539252,
      "op_leverage_ratio": 0.7764738641107743,
      "fcf_margin_change": 0.024747170428983487
    },
    {
      "date": "2021-12-31T00:00:00",
      "quarter_label": "2021-12 (Q4)",
      "revenue": 120783000,
      "gross_profit": 91622000,
      "operating_income": -11499000,
      "net_income": -14324000,
      "opex": 103121000,
      "cogs": 29161000,
      "rd": 31430000,
      "sga": null,
      "fcf": 8165000,
      "ocf": 9268000,
      "capex": -1103000,
      "gross_margin": 0.7585670168815147,
      "op_margin": -0.09520379523608455,
      "fcf_margin": 0.06760057292830944,
      "incr_op_margin_yoy": -0.23596422872833872,
      "rev_growth_yoy": 0.28719866999168747,
      "op_leverage_ratio": 0.7633706299319121,
      "fcf_margin_change": -0.07031393817708308
    },
    {
      "date": "2022-03-31T00:00:00",
      "quarter_label": "2022-03 (Q1)",
      "revenue": 129674000,
      "gross_profit": 98801000,
      "operating_income": -17177000,
      "net_income": -18493000,
      "opex": 115978000,
      "cogs": 30873000,
      "rd": 35884000,
      "sga": null,
      "fcf": -1469000,
      "ocf": -937000,
      "capex": -532000,
      "gross_margin": 0.7619183490907969,
      "op_margin": -0.13246294554035504,
      "fcf_margin": -0.011328408162006262,
      "incr_op_margin_yoy": -0.5120619204777621,
      "rev_growth_yoy": 0.2442094759263879,
      "rev_growth_yoy_accel": -0.04298919406529958,
      "op_leverage_ratio": 0.5904080493534709,
      "fcf_margin_change": -0.07892898109031571
    },
    {
      "date": "2022-06-30T00:00:00",
      "quarter_label": "2022-06 (Q2)",
      "revenue": 131549000,
      "gross_profit": 99312000,
      "operating_income": -28192000,
      "net_income": -28861000,
      "opex": 127504000,
      "cogs": 32237000,
      "rd": 39177000,
      "sga": null,
      "fcf": 8013000,
      "ocf": 8684000,
      "capex": -671000,
      "gross_margin": 0.7549430250324974,
      "op_margin": -0.21430797649545036,
      "fcf_margin": 0.060912663722263186,
      "incr_op_margin_yoy": -0.8646868500115553,
      "rev_growth_yoy": 0.24588254235843426,
      "rev_growth_yoy_accel": 0.0016730664320463717,
      "op_leverage_ratio": 0.1454940939990812,
      "fcf_margin_change": 0.07224107188426945
    },
    {
      "date": "2022-09-30T00:00:00",
      "quarter_label": "2022-09 (Q3)",
      "revenue": 132849000,
      "gross_profit": 100430000,
      "operating_income": -30118000,
      "net_income": -29691000,
      "opex": 130548000,
      "cogs": 32419000,
      "rd": 38583000,
      "sga": null,
      "fcf": 3832000,
      "ocf": 4855000,
      "capex": -1023000,
      "gross_margin": 0.7559710648932246,
      "op_margin": -0.22670851869415654,
      "fcf_margin": 0.028844778658476917,
      "incr_op_margin_yoy": -1.0988787457828935,
      "rev_growth_yoy": 0.17885760428775524,
      "rev_growth_yoy_accel": -0.06702493807067902,
      "fcf_margin_change": -0.03206788506378627
    },
    {
      "date": "2022-12-31T00:00:00",
      "quarter_label": "2022-12 (Q4)",
      "revenue": 143803000,
      "gross_profit": 109447000,
      "operating_income": -13277000,
      "net_income": -13902000,
      "opex": 122724000,
      "cogs": 34356000,
      "rd": 38072000,
      "sga": null,
      "fcf": -2500000,
      "ocf": -1268000,
      "capex": -1232000,
      "gross_margin": 0.7610898242734853,
      "op_margin": -0.09232769830949285,
      "fcf_margin": -0.017384894612768858,
      "incr_op_margin_yoy": -0.07723718505647263,
      "rev_growth_yoy": 0.19058973531043277,
      "rev_growth_yoy_accel": 0.011732131022677533,
      "op_leverage_ratio": Infinity,
      "fcf_margin_change": -0.046229673271245775
    },
    {
      "date": "2023-03-31T00:00:00",
      "quarter_label": "2023-03 (Q1)",
      "revenue": 150189000,
      "gross_profit": 111671000,
      "operating_income": -46841000,
      "net_income": -46150000,
      "opex": 158512000,
      "cogs": 38518000,
      "rd": 45791000,
      "sga": null,
      "fcf": 5365000,
      "ocf": 5563000,
      "capex": -198000,
      "gross_margin": 0.7435364773718448,
      "op_margin": -0.31188036407459935,
      "fcf_margin": 0.03572165737836992,
      "incr_op_margin_yoy": -1.4459663660736046,
      "rev_growth_yoy": 0.15820442031556056,
      "rev_growth_yoy_accel": -0.03238531499487221,
      "op_leverage_ratio": 0.15228356709553195,
      "fcf_margin_change": 0.053106551991138784
    },
    {
      "date": "2023-06-30T00:00:00",
      "quarter_label": "2023-06 (Q2)",
      "revenue": 155022000,
      "gross_profit": 115518000,
      "operating_income": -22688000,
      "net_income": -20910000,
      "opex": 138206000,
      "cogs": 39504000,
      "rd": 42697000,
      "sga": null,
      "fcf": 25340000,
      "ocf": 25979000,
      "capex": -639000,
      "gross_margin": 0.7451716530556953,
      "op_margin": -0.146353420804789,
      "fcf_margin": 0.16346067009843765,
      "incr_op_margin_yoy": 0.23448217100498445,
      "rev_growth_yoy": 0.17843541189974838,
      "rev_growth_yoy_accel": 0.020230991584187813,
      "op_leverage_ratio": Infinity,
      "fcf_margin_change": 0.1277390127200677
    },
    {
      "date": "2023-09-30T00:00:00",
      "quarter_label": "2023-09 (Q3)",
      "revenue": 158175000,
      "gross_profit": 119820000,
      "operating_income": -15525000,
      "net_income": -56269000,
      "opex": 135345000,
      "cogs": 38355000,
      "rd": 41747000,
      "sga": null,
      "fcf": 14096000,
      "ocf": 14991000,
      "capex": -895000,
      "gross_margin": 0.7575154101469891,
      "op_margin": -0.09815078236130868,
      "fcf_margin": 0.0891164849059586,
      "incr_op_margin_yoy": 0.576206270236121,
      "rev_growth_yoy": 0.19063749068491295,
      "rev_growth_yoy_accel": 0.012202078785164577,
      "op_leverage_ratio": Infinity,
      "fcf_margin_change": -0.07434418519247905
    },
    {
      "date": "2023-12-31T00:00:00",
      "quarter_label": "2023-12 (Q4)",
      "revenue": 166653000,
      "gross_profit": 128808000,
      "operating_income": -9473000,
      "net_income": -4196000,
      "opex": 138281000,
      "cogs": 37845000,
      "rd": 42555000,
      "sga": null,
      "fcf": 23950000,
      "ocf": 24342000,
      "capex": -392000,
      "gross_margin": 0.7729113787330562,
      "op_margin": -0.056842661098210054,
      "fcf_margin": 0.14371178436631804,
      "incr_op_margin_yoy": 0.16647702407002188,
      "rev_growth_yoy": 0.15889793676070735,
      "rev_growth_yoy_accel": -0.031739553924205605,
      "op_leverage_ratio": 2.4708235626993695,
      "fcf_margin_change": 0.054595299460359445
    },
    {
      "date": "2024-03-31T00:00:00",
      "quarter_label": "2024-03 (Q1)",
      "revenue": 175667000,
      "gross_profit": 134144000,
      "operating_income": -18283000,
      "net_income": -11687000,
      "opex": 152427000,
      "cogs": 41523000,
      "rd": 45495000,
      "sga": null,
      "fcf": 24641000,
      "ocf": 24844000,
      "capex": -203000,
      "gross_margin": 0.7636266344845646,
      "op_margin": -0.10407760137077539,
      "fcf_margin": 0.14027108107954253,
      "incr_op_margin_yoy": 1.1208886097809876,
      "rev_growth_yoy": 0.16963958745314237,
      "rev_growth_yoy_accel": 0.010741650692435017,
      "op_leverage_ratio": 0.5287291753880272,
      "fcf_margin_change": -0.0034407032867755094
    },
    {
      "date": "2024-06-30T00:00:00",
      "quarter_label": "2024-06 (Q2)",
      "revenue": 177503000,
      "gross_profit": 136331000,
      "operating_income": -23149000,
      "net_income": -17548000,
      "opex": 159480000,
      "cogs": 41172000,
      "rd": 48408000,
      "sga": null,
      "fcf": -122000,
      "ocf": -14000,
      "capex": -108000,
      "gross_margin": 0.7680489907212836,
      "op_margin": -0.13041469721638507,
      "fcf_margin": -0.0006873123271155981,
      "incr_op_margin_yoy": -0.020506205239980427,
      "rev_growth_yoy": 0.14501812645947026,
      "rev_growth_yoy_accel": -0.0246214609936721,
      "op_leverage_ratio": 0.2258762196271663,
      "fcf_margin_change": -0.14095839340665814
    },
    {
      "date": "2024-09-30T00:00:00",
      "quarter_label": "2024-09 (Q3)",
      "revenue": 185621000,
      "gross_profit": 141950000,
      "operating_income": -21782000,
      "net_income": -16992000,
      "opex": 163732000,
      "cogs": 43671000,
      "rd": 48425000,
      "sga": null,
      "fcf": 18663000,
      "ocf": 18906000,
      "capex": -243000,
      "gross_margin": 0.7647302837502222,
      "op_margin": -0.11734663642583544,
      "fcf_margin": 0.10054358073709332,
      "incr_op_margin_yoy": -0.22797493259491364,
      "rev_growth_yoy": 0.17351667456930614,
      "rev_growth_yoy_accel": 0.028498548109835875,
      "op_leverage_ratio": 1.7153641153993402,
      "fcf_margin_change": 0.10123089306420892
    },
    {
      "date": "2024-12-31T00:00:00",
      "quarter_label": "2024-12 (Q4)",
      "revenue": 199889000,
      "gross_profit": 154200000,
      "operating_income": -13320000,
      "net_income": -8815000,
      "opex": 167520000,
      "cogs": 45689000,
      "rd": 50607000,
      "sga": null,
      "fcf": 43161000,
      "ocf": 43970000,
      "capex": -809000,
      "gross_margin": 0.7714281426191536,
      "op_margin": -0.06663698352585685,
      "fcf_margin": 0.2159248382852483,
      "incr_op_margin_yoy": -0.11574798411361174,
      "rev_growth_yoy": 0.19943235345298316,
      "rev_growth_yoy_accel": 0.025915678883677018,
      "op_leverage_ratio": 3.3224586845491,
      "fcf_margin_change": 0.11538125754815498
    },
    {
      "date": "2025-03-31T00:00:00",
      "quarter_label": "2025-03 (Q1)",
      "revenue": 206280000,
      "gross_profit": 157938000,
      "operating_income": -24750000,
      "net_income": -21371000,
      "opex": 182688000,
      "cogs": 48342000,
      "rd": 53780000,
      "sga": null,
      "fcf": -8121000,
      "ocf": -7358000,
      "capex": -763000,
      "gross_margin": 0.7656486329261198,
      "op_margin": -0.1199825479930192,
      "fcf_margin": -0.03936881908086096,
      "incr_op_margin_yoy": -0.21125012249697842,
      "rev_growth_yoy": 0.17426722150432353,
      "rev_growth_yoy_accel": -0.02516513194865963,
      "op_leverage_ratio": 0.35311670762083086,
      "fcf_margin_change": -0.25529365736610926
    },
    {
      "date": "2025-06-30T00:00:00",
      "quarter_label": "2025-06 (Q2)",
      "revenue": 215187000,
      "gross_profit": 165644000,
      "operating_income": -22146000,
      "net_income": -19400000,
      "opex": 187790000,
      "cogs": 49543000,
      "rd": 54843000,
      "sga": null,
      "fcf": 49316000,
      "ocf": 50311000,
      "capex": -995000,
      "gross_margin": 0.7697676904273957,
      "op_margin": -0.10291513892567859,
      "fcf_margin": 0.22917741313369303,
      "incr_op_margin_yoy": 0.026616070480840675,
      "rev_growth_yoy": 0.21230063717232947,
      "rev_growth_yoy_accel": 0.03803341566800594,
      "op_leverage_ratio": 1.5461224869554628,
      "fcf_margin_change": 0.268546232214554
    },
    {
      "date": "2025-09-30T00:00:00",
      "quarter_label": "2025-09 (Q3)",
      "revenue": 224166000,
      "gross_profit": 177788000,
      "operating_income": -3405000,
      "net_income": 2786000,
      "opex": 181193000,
      "cogs": 46378000,
      "rd": 51403000,
      "sga": null,
      "fcf": 46064000,
      "ocf": 46155000,
      "capex": -91000,
      "gross_margin": 0.7931086783901216,
      "op_margin": -0.015189636251706325,
      "fcf_margin": 0.2054905739496623,
      "incr_op_margin_yoy": 0.4767674147100791,
      "rev_growth_yoy": 0.20765430635542315,
      "rev_growth_yoy_accel": -0.0046463308169063244,
      "op_leverage_ratio": Infinity,
      "fcf_margin_change": -0.023686839184030722
    }
  ],
  "signals": [
    {
      "quarter": "2025-06 (Q2)",
      "signal": "FCF TURNED POSITIVE",
      "detail": "FCF margin: -3.9% -> +22.9%",
      "severity": "HIGH"
    },
    {
      "quarter": "2025-06 (Q2)",
      "signal": "OPERATING LEVERAGE",
      "detail": "Rev growth +4.3% vs OpEx growth +2.8% (leverage: 1.5x)",
      "severity": "MEDIUM"
    },
    {
      "quarter": "2024-12 (Q4)",
      "signal": "FCF MARGIN EXPANSION",
      "detail": "FCF margin: +10.1% -> +21.6% (+11.5%)",
      "severity": "MEDIUM"
    },
    {
      "quarter": "2024-12 (Q4)",
      "signal": "OPERATING LEVERAGE",
      "detail": "Rev growth +7.7% vs OpEx growth +2.3% (leverage: 3.3x)",
      "severity": "MEDIUM"
    },
    {
      "quarter": "2024-09 (Q3)",
      "signal": "FCF TURNED POSITIVE",
      "detail": "FCF margin: -0.1% -> +10.1%",
      "severity": "HIGH"
    },
    {
      "quarter": "2024-09 (Q3)",
      "signal": "OPERATING LEVERAGE",
      "detail": "Rev growth +4.6% vs OpEx growth +2.7% (leverage: 1.7x)",
      "severity": "MEDIUM"
    },
    {
      "quarter": "2023-12 (Q4)",
      "signal": "FCF MARGIN EXPANSION",
      "detail": "FCF margin: +8.9% -> +14.4% (+5.5%)",
      "severity": "MEDIUM"
    },
    {
      "quarter": "2023-12 (Q4)",
      "signal": "OPERATING LEVERAGE",
      "detail": "Rev growth +5.4% vs OpEx growth +2.2% (leverage: 2.5x)",
      "severity": "MEDIUM"
    },
    {
      "quarter": "2023-06 (Q2)",
      "signal": "FCF MARGIN EXPANSION",
      "detail": "FCF margin: +3.6% -> +16.3% (+12.8%)",
      "severity": "MEDIUM"
    },
    {
      "quarter": "2023-03 (Q1)",
      "signal": "FCF TURNED POSITIVE",
      "detail": "FCF margin: -1.7% -> +3.6%",
      "severity": "HIGH"
    },
    {
      "quarter": "2022-09 (Q3)",
      "signal": "YoY REVENUE GROWTH DECELERATION",
      "detail": "YoY growth: +17.9% vs prior quarter YoY: +24.6% (decel: -6.7%)",
      "severity": "WARNING"
    },
    {
      "quarter": "2022-06 (Q2)",
      "signal": "FCF TURNED POSITIVE",
      "detail": "FCF margin: -1.1% -> +6.1%",
      "severity": "HIGH"
    }
  ],
  "data_quality": {
    "n_quarters": 20,
    "coverage": {
      "revenue": [
        20,
        20
      ],
      "gross_profit": [
        20,
        20
      ],
      "op_income": [
        20,
        20
      ],
      "fcf": [
        20,
        20
      ]
    },
    "gaps": [],
    "warnings": []
  },
  "market_cap": null,
  "source": "SEC EDGAR",
  "last_updated": "2026-02-02T21:08:48.458182"
}