{
  "ticker": "WKC",
  "name": "WORLD KINECT CORPORATION",
  "quarters": [
    {
      "date": "2020-12-31T00:00:00",
      "quarter_label": "2020-12 (Q4)",
      "revenue": 4702100000,
      "gross_profit": 165200000,
      "operating_income": 16400000,
      "net_income": -3600000,
      "opex": 148900000,
      "cogs": 4536900000,
      "rd": null,
      "sga": null,
      "fcf": 107700000,
      "ocf": 113500000,
      "capex": -5800000,
      "gross_margin": 0.03513323834031603,
      "op_margin": 0.003487803321919993,
      "fcf_margin": 0.02290465962016971
    },
    {
      "date": "2021-03-31T00:00:00",
      "quarter_label": "2021-03 (Q1)",
      "revenue": 5957900000,
      "gross_profit": 191600000,
      "operating_income": 37600000,
      "net_income": 18900000,
      "opex": 154000000,
      "cogs": 5766300000,
      "rd": null,
      "sga": null,
      "fcf": 101400000,
      "ocf": 103400000,
      "capex": -2000000,
      "gross_margin": 0.03215898219171184,
      "op_margin": 0.006310948488561406,
      "fcf_margin": 0.0170194195941523,
      "op_leverage_ratio": 7.797459708240499,
      "fcf_margin_change": -0.00588524002601741
    },
    {
      "date": "2021-06-30T00:00:00",
      "quarter_label": "2021-06 (Q2)",
      "revenue": 7085500000,
      "gross_profit": 183900000,
      "operating_income": 30900000,
      "net_income": 17600000,
      "opex": 153000000,
      "cogs": 6901600000,
      "rd": null,
      "sga": null,
      "fcf": 25000000,
      "ocf": 37200000,
      "capex": -12200000,
      "gross_margin": 0.02595441394397008,
      "op_margin": 0.004361018982428904,
      "fcf_margin": 0.0035283325100557475,
      "op_leverage_ratio": Infinity,
      "fcf_margin_change": -0.013491087084096553
    },
    {
      "date": "2021-09-30T00:00:00",
      "quarter_label": "2021-09 (Q3)",
      "revenue": 8350900000,
      "gross_profit": 197500000,
      "operating_income": 41700000,
      "net_income": 21700000,
      "opex": 155800000,
      "cogs": 8153400000,
      "rd": null,
      "sga": null,
      "fcf": 68600000,
      "ocf": 82700000,
      "capex": -14100000,
      "gross_margin": 0.023650145493300124,
      "op_margin": 0.004993473757319571,
      "fcf_margin": 0.008214683447293106,
      "op_leverage_ratio": 9.758672137262215,
      "fcf_margin_change": 0.004686350937237358
    },
    {
      "date": "2021-12-31T00:00:00",
      "quarter_label": "2021-12 (Q4)",
      "revenue": 9942800000,
      "gross_profit": 215200000,
      "operating_income": 32400000,
      "net_income": 15500000,
      "opex": 182900000,
      "cogs": 9727500000,
      "rd": null,
      "sga": null,
      "fcf": -61000000,
      "ocf": -50100000,
      "capex": -10900000,
      "gross_margin": 0.021643802550589373,
      "op_margin": 0.0032586394174679164,
      "fcf_margin": -0.006135092730417991,
      "incr_op_margin_yoy": 0.0030530272673497815,
      "rev_growth_yoy": 1.114544565194275,
      "op_leverage_ratio": 1.0959245659227839,
      "fcf_margin_change": -0.014349776177711097
    },
    {
      "date": "2022-03-31T00:00:00",
      "quarter_label": "2022-03 (Q1)",
      "revenue": 12382000000,
      "gross_profit": 230900000,
      "operating_income": 41300000,
      "net_income": 26300000,
      "opex": 189600000,
      "cogs": 12151100000,
      "rd": null,
      "sga": null,
      "fcf": -88700000,
      "ocf": -72000000,
      "capex": -16700000,
      "gross_margin": 0.01864803747375222,
      "op_margin": 0.0033354869972540787,
      "fcf_margin": -0.007163624616378614,
      "incr_op_margin_yoy": 0.0005759561650659237,
      "rev_growth_yoy": 1.0782490474831736,
      "rev_growth_yoy_accel": -0.03629551771110129,
      "op_leverage_ratio": 6.6969585431654135,
      "fcf_margin_change": -0.0010285318859606235
    },
    {
      "date": "2022-06-30T00:00:00",
      "quarter_label": "2022-06 (Q2)",
      "revenue": 17122100000,
      "gross_profit": 253400000,
      "operating_income": 52800000,
      "net_income": 24400000,
      "opex": 200600000,
      "cogs": 16868700000,
      "rd": null,
      "sga": null,
      "fcf": 21800000,
      "ocf": 42800000,
      "capex": -21000000,
      "gross_margin": 0.014799586499319593,
      "op_margin": 0.0030837338877824565,
      "fcf_margin": 0.0012732083097283628,
      "incr_op_margin_yoy": 0.002182013829384453,
      "rev_growth_yoy": 1.4164984828170206,
      "rev_growth_yoy_accel": 0.338249435333847,
      "op_leverage_ratio": 6.598456410331713,
      "fcf_margin_change": 0.008436832926106978
    },
    {
      "date": "2022-09-30T00:00:00",
      "quarter_label": "2022-09 (Q3)",
      "revenue": 15661300000,
      "gross_profit": 322300000,
      "operating_income": 100300000,
      "net_income": 42500000,
      "opex": 222000000,
      "cogs": 15339000000,
      "rd": null,
      "sga": null,
      "fcf": 240000000,
      "ocf": 258500000,
      "capex": -18500000,
      "gross_margin": 0.02057938996124204,
      "op_margin": 0.0064043214803368815,
      "fcf_margin": 0.01532439835773531,
      "incr_op_margin_yoy": 0.008015977237907639,
      "rev_growth_yoy": 0.8754026512112467,
      "rev_growth_yoy_accel": -0.5410958316057739,
      "fcf_margin_change": 0.014051190048006947
    },
    {
      "date": "2022-12-31T00:00:00",
      "quarter_label": "2022-12 (Q4)",
      "revenue": 13877700000,
      "gross_profit": 282400000,
      "operating_income": 78800000,
      "net_income": 20900000,
      "opex": 203500000,
      "cogs": 13595400000,
      "rd": null,
      "sga": null,
      "fcf": -113200000,
      "ocf": -90800000,
      "capex": -22400000,
      "gross_margin": 0.02034919331013064,
      "op_margin": 0.0056781743372460855,
      "fcf_margin": -0.008156971256043869,
      "incr_op_margin_yoy": 0.011791913390429235,
      "rev_growth_yoy": 0.39575371122822545,
      "rev_growth_yoy_accel": -0.47964893998302127,
      "fcf_margin_change": -0.02348136961377918
    },
    {
      "date": "2023-03-31T00:00:00",
      "quarter_label": "2023-03 (Q1)",
      "revenue": 12481600000,
      "gross_profit": 262700000,
      "operating_income": 64600000,
      "net_income": 22800000,
      "opex": 198200000,
      "cogs": 12218900000,
      "rd": null,
      "sga": null,
      "fcf": 124200000,
      "ocf": 143000000,
      "capex": -18800000,
      "gross_margin": 0.021046981156262017,
      "op_margin": 0.005175618510447379,
      "fcf_margin": 0.009950647352903474,
      "incr_op_margin_yoy": 0.23393574297188754,
      "rev_growth_yoy": 0.008043934743983202,
      "rev_growth_yoy_accel": -0.38770977648424226,
      "fcf_margin_change": 0.018107618608947343
    },
    {
      "date": "2023-06-30T00:00:00",
      "quarter_label": "2023-06 (Q2)",
      "revenue": 10980700000,
      "gross_profit": 281700000,
      "operating_income": 75500000,
      "net_income": 29900000,
      "opex": 206200000,
      "cogs": 10699000000,
      "rd": null,
      "sga": null,
      "fcf": 15800000,
      "ocf": 43500000,
      "capex": -27700000,
      "gross_margin": 0.025654102197491962,
      "op_margin": 0.006875700091979564,
      "fcf_margin": 0.0014388882311692332,
      "incr_op_margin_yoy": -0.0036962256163089848,
      "rev_growth_yoy": -0.35868263822778745,
      "rev_growth_yoy_accel": -0.36672657297177064,
      "fcf_margin_change": -0.008511759121734241
    },
    {
      "date": "2023-09-30T00:00:00",
      "quarter_label": "2023-09 (Q3)",
      "revenue": 12245300000,
      "gross_profit": 281400000,
      "operating_income": 73300000,
      "net_income": 34900000,
      "opex": 208200000,
      "cogs": 11963900000,
      "rd": null,
      "sga": null,
      "fcf": 58900000,
      "ocf": 80300000,
      "capex": -21400000,
      "gross_margin": 0.02298024548194001,
      "op_margin": 0.005985970127314153,
      "fcf_margin": 0.004810008738046434,
      "incr_op_margin_yoy": 0.007903981264637002,
      "rev_growth_yoy": -0.21811726995843256,
      "rev_growth_yoy_accel": 0.1405653682693549,
      "op_leverage_ratio": 11.873583651315489,
      "fcf_margin_change": 0.003371120506877201
    },
    {
      "date": "2023-12-31T00:00:00",
      "quarter_label": "2023-12 (Q4)",
      "revenue": 12003000000,
      "gross_profit": 232400000,
      "operating_income": -15300000,
      "net_income": -34800000,
      "opex": 247700000,
      "cogs": 11770600000,
      "rd": null,
      "sga": null,
      "fcf": -15200000,
      "ocf": 4500000,
      "capex": -19700000,
      "gross_margin": 0.019361826210114137,
      "op_margin": -0.0012746813296675831,
      "fcf_margin": -0.0012663500791468799,
      "incr_op_margin_yoy": 0.0501946978183176,
      "rev_growth_yoy": -0.1350872262694827,
      "rev_growth_yoy_accel": 0.08303004368894987,
      "fcf_margin_change": -0.0060763588171933135
    },
    {
      "date": "2024-03-31T00:00:00",
      "quarter_label": "2024-03 (Q1)",
      "revenue": 10951400000,
      "gross_profit": 254100000,
      "operating_income": 63300000,
      "net_income": 27400000,
      "opex": 190800000,
      "cogs": 10697300000,
      "rd": null,
      "sga": null,
      "fcf": 92700000,
      "ocf": 110200000,
      "capex": -17500000,
      "gross_margin": 0.023202512920722465,
      "op_margin": 0.005780082911773837,
      "fcf_margin": 0.008464671183592965,
      "incr_op_margin_yoy": 0.000849562148738727,
      "rev_growth_yoy": -0.1225964619920523,
      "rev_growth_yoy_accel": 0.012490764277430386,
      "fcf_margin_change": 0.009731021262739845
    },
    {
      "date": "2024-06-30T00:00:00",
      "quarter_label": "2024-06 (Q2)",
      "revenue": 10965200000,
      "gross_profit": 245200000,
      "operating_income": 45200000,
      "net_income": 108300000,
      "opex": 200000000,
      "cogs": 10720000000,
      "rd": null,
      "sga": null,
      "fcf": 53300000,
      "ocf": 67900000,
      "capex": -14600000,
      "gross_margin": 0.022361653230219238,
      "op_margin": 0.004122131835260643,
      "fcf_margin": 0.004860832451756466,
      "incr_op_margin_yoy": 1.9548387096774194,
      "rev_growth_yoy": -0.0014115675685520959,
      "rev_growth_yoy_accel": 0.12118489442350021,
      "fcf_margin_change": -0.0036038387318364992
    },
    {
      "date": "2024-09-30T00:00:00",
      "quarter_label": "2024-09 (Q3)",
      "revenue": 10490900000,
      "gross_profit": 268100000,
      "operating_income": 72300000,
      "net_income": 33500000,
      "opex": 195800000,
      "cogs": 10222800000,
      "rd": null,
      "sga": null,
      "fcf": -56700000,
      "ocf": -38500000,
      "capex": -18200000,
      "gross_margin": 0.025555481417228264,
      "op_margin": 0.0068916870811846455,
      "fcf_margin": -0.00540468405951825,
      "incr_op_margin_yoy": 0.0005699954400364797,
      "rev_growth_yoy": -0.14327129592578378,
      "rev_growth_yoy_accel": -0.14185972835723168,
      "fcf_margin_change": -0.010265516511274716
    },
    {
      "date": "2024-12-31T00:00:00",
      "quarter_label": "2024-12 (Q4)",
      "revenue": 9760500000,
      "gross_profit": 258900000,
      "operating_income": 29900000,
      "net_income": -101800000,
      "opex": 229000000,
      "cogs": 9501600000,
      "rd": null,
      "sga": null,
      "fcf": 102400000,
      "ocf": 120300000,
      "capex": -17900000,
      "gross_margin": 0.02652528046718918,
      "op_margin": 0.0030633676553455252,
      "fcf_margin": 0.010491265816300395,
      "incr_op_margin_yoy": -0.02015607580824972,
      "rev_growth_yoy": -0.1868282929267683,
      "rev_growth_yoy_accel": -0.04355699700098453,
      "fcf_margin_change": 0.015895949875818646
    },
    {
      "date": "2025-03-31T00:00:00",
      "quarter_label": "2025-03 (Q1)",
      "revenue": 9452500000,
      "gross_profit": 230400000,
      "operating_income": -6600000,
      "net_income": -21100000,
      "opex": 237000000,
      "cogs": 9222100000,
      "rd": null,
      "sga": null,
      "fcf": 99200000,
      "ocf": 114400000,
      "capex": -15200000,
      "gross_margin": 0.02437450409944459,
      "op_margin": -0.0006982279820153399,
      "fcf_margin": 0.010494578153927533,
      "incr_op_margin_yoy": 0.046634198412168926,
      "rev_growth_yoy": -0.13686834559964936,
      "rev_growth_yoy_accel": 0.04995994732711895,
      "fcf_margin_change": 3.3123376271381594e-06
    },
    {
      "date": "2025-06-30T00:00:00",
      "quarter_label": "2025-06 (Q2)",
      "revenue": 9043300000,
      "gross_profit": 232400000,
      "operating_income": -345100000,
      "net_income": -339400000,
      "opex": 577500000,
      "cogs": 8810900000,
      "rd": null,
      "sga": null,
      "fcf": 13200000,
      "ocf": 28200000,
      "capex": -15000000,
      "gross_margin": 0.02569858348169363,
      "op_margin": -0.038160848362876386,
      "fcf_margin": 0.0014596441564473145,
      "incr_op_margin_yoy": 0.20308028513450233,
      "rev_growth_yoy": -0.17527268084485464,
      "rev_growth_yoy_accel": -0.038404335245205284,
      "fcf_margin_change": -0.009034933997480218
    },
    {
      "date": "2025-09-30T00:00:00",
      "quarter_label": "2025-09 (Q3)",
      "revenue": 9391800000,
      "gross_profit": 249600000,
      "operating_income": 62900000,
      "net_income": 25700000,
      "opex": 186800000,
      "cogs": 9142200000,
      "rd": null,
      "sga": null,
      "fcf": 102000000,
      "ocf": 116100000,
      "capex": -14100000,
      "gross_margin": 0.026576375135756725,
      "op_margin": 0.006697331714900232,
      "fcf_margin": 0.01086053791605443,
      "incr_op_margin_yoy": 0.00855245200618688,
      "rev_growth_yoy": -0.104766988532919,
      "rev_growth_yoy_accel": 0.07050569231193564,
      "op_leverage_ratio": Infinity,
      "fcf_margin_change": 0.009400893759607115
    }
  ],
  "signals": [
    {
      "quarter": "2025-09 (Q3)",
      "signal": "YoY REVENUE GROWTH ACCELERATION",
      "detail": "YoY growth: -10.5% vs prior quarter YoY: -17.5% (accel: +7.1%)",
      "severity": "MEDIUM"
    },
    {
      "quarter": "2025-09 (Q3)",
      "signal": "OP MARGIN TURNED POSITIVE (QoQ)",
      "detail": "Op margin: -3.8% -> +0.7%",
      "severity": "HIGH"
    },
    {
      "quarter": "2024-12 (Q4)",
      "signal": "FCF TURNED POSITIVE",
      "detail": "FCF margin: -0.5% -> +1.0%",
      "severity": "HIGH"
    },
    {
      "quarter": "2024-12 (Q4)",
      "signal": "OP MARGIN TURNED POSITIVE (YoY)",
      "detail": "Op margin: -0.1% (year-ago) -> +0.3%",
      "severity": "HIGH"
    },
    {
      "quarter": "2024-09 (Q3)",
      "signal": "YoY REVENUE GROWTH DECELERATION",
      "detail": "YoY growth: -14.3% vs prior quarter YoY: -0.1% (decel: -14.2%)",
      "severity": "WARNING"
    },
    {
      "quarter": "2024-06 (Q2)",
      "signal": "YoY REVENUE GROWTH ACCELERATION",
      "detail": "YoY growth: -0.1% vs prior quarter YoY: -12.3% (accel: +12.1%)",
      "severity": "MEDIUM"
    },
    {
      "quarter": "2024-06 (Q2)",
      "signal": "INCREMENTAL MARGIN (YoY)",
      "detail": "YoY Incr OPM: +195.5% vs year-ago OPM: +0.7%",
      "severity": "HIGH"
    },
    {
      "quarter": "2024-03 (Q1)",
      "signal": "FCF TURNED POSITIVE",
      "detail": "FCF margin: -0.1% -> +0.8%",
      "severity": "HIGH"
    },
    {
      "quarter": "2024-03 (Q1)",
      "signal": "OP MARGIN TURNED POSITIVE (QoQ)",
      "detail": "Op margin: -0.1% -> +0.6%",
      "severity": "HIGH"
    },
    {
      "quarter": "2023-12 (Q4)",
      "signal": "YoY REVENUE GROWTH ACCELERATION",
      "detail": "YoY growth: -13.5% vs prior quarter YoY: -21.8% (accel: +8.3%)",
      "severity": "MEDIUM"
    },
    {
      "quarter": "2023-09 (Q3)",
      "signal": "OPERATING LEVERAGE",
      "detail": "Rev growth +11.5% vs OpEx growth +1.0% (leverage: 11.9x)",
      "severity": "MEDIUM"
    },
    {
      "quarter": "2023-09 (Q3)",
      "signal": "YoY REVENUE GROWTH ACCELERATION",
      "detail": "YoY growth: -21.8% vs prior quarter YoY: -35.9% (accel: +14.1%)",
      "severity": "MEDIUM"
    },
    {
      "quarter": "2023-06 (Q2)",
      "signal": "YoY REVENUE GROWTH DECELERATION",
      "detail": "YoY growth: -35.9% vs prior quarter YoY: +0.8% (decel: -36.7%)",
      "severity": "WARNING"
    },
    {
      "quarter": "2023-03 (Q1)",
      "signal": "FCF TURNED POSITIVE",
      "detail": "FCF margin: -0.8% -> +1.0%",
      "severity": "HIGH"
    },
    {
      "quarter": "2023-03 (Q1)",
      "signal": "YoY REVENUE GROWTH DECELERATION",
      "detail": "YoY growth: +0.8% vs prior quarter YoY: +39.6% (decel: -38.8%)",
      "severity": "WARNING"
    },
    {
      "quarter": "2023-03 (Q1)",
      "signal": "INCREMENTAL MARGIN (YoY)",
      "detail": "YoY Incr OPM: +23.4% vs year-ago OPM: +0.3%",
      "severity": "HIGH"
    },
    {
      "quarter": "2022-12 (Q4)",
      "signal": "YoY REVENUE GROWTH DECELERATION",
      "detail": "YoY growth: +39.6% vs prior quarter YoY: +87.5% (decel: -48.0%)",
      "severity": "WARNING"
    },
    {
      "quarter": "2022-09 (Q3)",
      "signal": "YoY REVENUE GROWTH DECELERATION",
      "detail": "YoY growth: +87.5% vs prior quarter YoY: +141.6% (decel: -54.1%)",
      "severity": "WARNING"
    },
    {
      "quarter": "2022-06 (Q2)",
      "signal": "FCF TURNED POSITIVE",
      "detail": "FCF margin: -0.7% -> +0.1%",
      "severity": "HIGH"
    },
    {
      "quarter": "2022-06 (Q2)",
      "signal": "OPERATING LEVERAGE",
      "detail": "Rev growth +38.3% vs OpEx growth +5.8% (leverage: 6.6x)",
      "severity": "MEDIUM"
    },
    {
      "quarter": "2022-06 (Q2)",
      "signal": "YoY REVENUE GROWTH ACCELERATION",
      "detail": "YoY growth: +141.6% vs prior quarter YoY: +107.8% (accel: +33.8%)",
      "severity": "HIGH"
    },
    {
      "quarter": "2022-03 (Q1)",
      "signal": "OPERATING LEVERAGE",
      "detail": "Rev growth +24.5% vs OpEx growth +3.7% (leverage: 6.7x)",
      "severity": "MEDIUM"
    },
    {
      "quarter": "2021-09 (Q3)",
      "signal": "OPERATING LEVERAGE",
      "detail": "Rev growth +17.9% vs OpEx growth +1.8% (leverage: 9.8x)",
      "severity": "MEDIUM"
    },
    {
      "quarter": "2021-03 (Q1)",
      "signal": "OPERATING LEVERAGE",
      "detail": "Rev growth +26.7% vs OpEx growth +3.4% (leverage: 7.8x)",
      "severity": "MEDIUM"
    }
  ],
  "data_quality": {
    "n_quarters": 20,
    "coverage": {
      "revenue": [
        20,
        20
      ],
      "gross_profit": [
        20,
        20
      ],
      "op_income": [
        20,
        20
      ],
      "fcf": [
        20,
        20
      ]
    },
    "gaps": [],
    "warnings": []
  },
  "market_cap": null,
  "source": "SEC EDGAR",
  "last_updated": "2026-02-02T21:49:50.543251"
}