{
  "ticker": "WLFC",
  "name": "Willis Lease Finance Corp",
  "quarters": [
    {
      "date": "2020-12-31T00:00:00",
      "quarter_label": "2020-12 (Q4)",
      "revenue": 61487000,
      "gross_profit": null,
      "operating_income": -7001000,
      "net_income": -2894000,
      "opex": 68488000,
      "cogs": null,
      "rd": null,
      "sga": null,
      "fcf": 9719000,
      "ocf": 9976000,
      "capex": -257000,
      "gross_margin": null,
      "op_margin": -0.1138614666514873,
      "fcf_margin": 0.158065932636167
    },
    {
      "date": "2021-03-31T00:00:00",
      "quarter_label": "2021-03 (Q1)",
      "revenue": 61125000,
      "gross_profit": null,
      "operating_income": -1172000,
      "net_income": -1332000,
      "opex": 62297000,
      "cogs": null,
      "rd": null,
      "sga": null,
      "fcf": 22506000,
      "ocf": 22627000,
      "capex": -121000,
      "gross_margin": null,
      "op_margin": -0.019173824130879345,
      "fcf_margin": 0.3681963190184049,
      "fcf_margin_change": 0.21013038638223788
    },
    {
      "date": "2021-06-30T00:00:00",
      "quarter_label": "2021-06 (Q2)",
      "revenue": 66472000,
      "gross_profit": null,
      "operating_income": -1174000,
      "net_income": 58000,
      "opex": 67646000,
      "cogs": null,
      "rd": null,
      "sga": null,
      "fcf": 19559000,
      "ocf": 20191000,
      "capex": -632000,
      "gross_margin": null,
      "op_margin": -0.017661571789625706,
      "fcf_margin": 0.29424419304368754,
      "op_leverage_ratio": 1.0187927533422718,
      "fcf_margin_change": -0.07395212597471734
    },
    {
      "date": "2021-09-30T00:00:00",
      "quarter_label": "2021-09 (Q3)",
      "revenue": 70791000,
      "gross_profit": null,
      "operating_income": 6085000,
      "net_income": 2884000,
      "opex": 64706000,
      "cogs": null,
      "rd": null,
      "sga": null,
      "fcf": 25496000,
      "ocf": 25765000,
      "capex": -269000,
      "gross_margin": null,
      "op_margin": 0.08595725445324971,
      "fcf_margin": 0.36015877724569506,
      "op_leverage_ratio": Infinity,
      "fcf_margin_change": 0.06591458420200752
    },
    {
      "date": "2021-12-31T00:00:00",
      "quarter_label": "2021-12 (Q4)",
      "revenue": 75814000,
      "gross_profit": null,
      "operating_income": 4601000,
      "net_income": 1742000,
      "opex": 71213000,
      "cogs": null,
      "rd": null,
      "sga": null,
      "fcf": 20932000,
      "ocf": 22075000,
      "capex": -1143000,
      "gross_margin": null,
      "op_margin": 0.06068799957791437,
      "fcf_margin": 0.27609676313082016,
      "incr_op_margin_yoy": 0.8097996789278984,
      "rev_growth_yoy": 0.23300860344463056,
      "op_leverage_ratio": 0.7055842494054597,
      "fcf_margin_change": -0.0840620141148749
    },
    {
      "date": "2022-03-31T00:00:00",
      "quarter_label": "2022-03 (Q1)",
      "revenue": 68817000,
      "gross_profit": null,
      "operating_income": -25105000,
      "net_income": -21201000,
      "opex": 93922000,
      "cogs": null,
      "rd": null,
      "sga": null,
      "fcf": 27780000,
      "ocf": 28320000,
      "capex": -540000,
      "gross_margin": null,
      "op_margin": -0.36480811427408927,
      "fcf_margin": 0.4036793234229914,
      "incr_op_margin_yoy": -3.111414456578263,
      "rev_growth_yoy": 0.125840490797546,
      "rev_growth_yoy_accel": -0.10716811264708456,
      "fcf_margin_change": 0.12758256029217124
    },
    {
      "date": "2022-06-30T00:00:00",
      "quarter_label": "2022-06 (Q2)",
      "revenue": 78075000,
      "gross_profit": null,
      "operating_income": 9485000,
      "net_income": 5908000,
      "opex": 68590000,
      "cogs": null,
      "rd": null,
      "sga": null,
      "fcf": 27362000,
      "ocf": 29445000,
      "capex": -2083000,
      "gross_margin": null,
      "op_margin": 0.12148575088056356,
      "fcf_margin": 0.350457893051553,
      "incr_op_margin_yoy": 0.9186417305869172,
      "rev_growth_yoy": 0.1745546997231917,
      "rev_growth_yoy_accel": 0.04871420892564571,
      "op_leverage_ratio": Infinity,
      "fcf_margin_change": -0.053221430371438394
    },
    {
      "date": "2022-09-30T00:00:00",
      "quarter_label": "2022-09 (Q3)",
      "revenue": 76891000,
      "gross_profit": null,
      "operating_income": 8743000,
      "net_income": 6389000,
      "opex": 68148000,
      "cogs": null,
      "rd": null,
      "sga": null,
      "fcf": 22375000,
      "ocf": 24818000,
      "capex": -2443000,
      "gross_margin": null,
      "op_margin": 0.1137064155752949,
      "fcf_margin": 0.2909963454760635,
      "incr_op_margin_yoy": 0.43573770491803276,
      "rev_growth_yoy": 0.08616914579536947,
      "rev_growth_yoy_accel": -0.08838555392782224,
      "fcf_margin_change": -0.05946154757548949
    },
    {
      "date": "2022-12-31T00:00:00",
      "quarter_label": "2022-12 (Q4)",
      "revenue": 88144000,
      "gross_profit": null,
      "operating_income": 16732000,
      "net_income": 14343000,
      "opex": 71412000,
      "cogs": null,
      "rd": null,
      "sga": null,
      "fcf": 60277000,
      "ocf": 61841000,
      "capex": -1564000,
      "gross_margin": null,
      "op_margin": 0.1898257396986749,
      "fcf_margin": 0.6838468869123253,
      "incr_op_margin_yoy": 0.983860502838605,
      "rev_growth_yoy": 0.1626348695491598,
      "rev_growth_yoy_accel": 0.07646572375379032,
      "op_leverage_ratio": 3.0555948852730412,
      "fcf_margin_change": 0.3928505414362618
    },
    {
      "date": "2023-03-31T00:00:00",
      "quarter_label": "2023-03 (Q1)",
      "revenue": 89535000,
      "gross_profit": null,
      "operating_income": 7998000,
      "net_income": 4394000,
      "opex": 81537000,
      "cogs": null,
      "rd": null,
      "sga": null,
      "fcf": 50298000,
      "ocf": 51871000,
      "capex": -1573000,
      "gross_margin": null,
      "op_margin": 0.08932819567766795,
      "fcf_margin": 0.5617691405595577,
      "incr_op_margin_yoy": 1.59778936190752,
      "rev_growth_yoy": 0.3010593312698897,
      "rev_growth_yoy_accel": 0.13842446172072992,
      "op_leverage_ratio": 0.11130394035349563,
      "fcf_margin_change": -0.12207774635276758
    },
    {
      "date": "2023-06-30T00:00:00",
      "quarter_label": "2023-06 (Q2)",
      "revenue": 108996000,
      "gross_profit": null,
      "operating_income": 19442000,
      "net_income": 13816000,
      "opex": 89554000,
      "cogs": null,
      "rd": null,
      "sga": null,
      "fcf": 44649000,
      "ocf": 46616000,
      "capex": -1967000,
      "gross_margin": null,
      "op_margin": 0.17837351829424933,
      "fcf_margin": 0.4096388858306727,
      "incr_op_margin_yoy": 0.32201416513049386,
      "rev_growth_yoy": 0.3960422670509126,
      "rev_growth_yoy_accel": 0.0949829357810229,
      "op_leverage_ratio": 2.2106254189742924,
      "fcf_margin_change": -0.15213025472888503
    },
    {
      "date": "2023-09-30T00:00:00",
      "quarter_label": "2023-09 (Q3)",
      "revenue": 105745000,
      "gross_profit": null,
      "operating_income": 19998000,
      "net_income": 14618000,
      "opex": 85747000,
      "cogs": null,
      "rd": null,
      "sga": null,
      "fcf": 69786000,
      "ocf": 70493000,
      "capex": -707000,
      "gross_margin": null,
      "op_margin": 0.18911532460163602,
      "fcf_margin": 0.6599460967421628,
      "incr_op_margin_yoy": 0.390067235045401,
      "rev_growth_yoy": 0.3752584827873223,
      "rev_growth_yoy_accel": -0.020783784263590288,
      "fcf_margin_change": 0.25030721091149005
    },
    {
      "date": "2023-12-31T00:00:00",
      "quarter_label": "2023-12 (Q4)",
      "revenue": 114280000,
      "gross_profit": null,
      "operating_income": 16784000,
      "net_income": 10953000,
      "opex": 97496000,
      "cogs": null,
      "rd": null,
      "sga": null,
      "fcf": 59864000,
      "ocf": 60757000,
      "capex": -893000,
      "gross_margin": null,
      "op_margin": 0.14686734336716836,
      "fcf_margin": 0.5238361918095905,
      "incr_op_margin_yoy": 0.0019895928986838076,
      "rev_growth_yoy": 0.2965147939734979,
      "rev_growth_yoy_accel": -0.07874368881382443,
      "op_leverage_ratio": 0.5890629589348061,
      "fcf_margin_change": -0.13610990493257225
    },
    {
      "date": "2024-03-31T00:00:00",
      "quarter_label": "2024-03 (Q1)",
      "revenue": 119083000,
      "gross_profit": null,
      "operating_income": 27218000,
      "net_income": 20869000,
      "opex": 91865000,
      "cogs": null,
      "rd": null,
      "sga": null,
      "fcf": 59422000,
      "ocf": 59827000,
      "capex": -405000,
      "gross_margin": null,
      "op_margin": 0.22856327099586002,
      "fcf_margin": 0.49899649824072284,
      "incr_op_margin_yoy": 0.6504670366860701,
      "rev_growth_yoy": 0.3300161947841626,
      "rev_growth_yoy_accel": 0.03350140081066472,
      "op_leverage_ratio": Infinity,
      "fcf_margin_change": -0.02483969356886767
    },
    {
      "date": "2024-06-30T00:00:00",
      "quarter_label": "2024-06 (Q2)",
      "revenue": 151120000,
      "gross_profit": null,
      "operating_income": 54078000,
      "net_income": 42586000,
      "opex": 97042000,
      "cogs": null,
      "rd": null,
      "sga": null,
      "fcf": 68524000,
      "ocf": 69826000,
      "capex": -1302000,
      "gross_margin": null,
      "op_margin": 0.35784806776072,
      "fcf_margin": 0.4534409740603494,
      "incr_op_margin_yoy": 0.8222391035988985,
      "rev_growth_yoy": 0.3864728980880032,
      "rev_growth_yoy_accel": 0.056456703303840616,
      "op_leverage_ratio": 4.773907376300103,
      "fcf_margin_change": -0.04555552418037345
    },
    {
      "date": "2024-09-30T00:00:00",
      "quarter_label": "2024-09 (Q3)",
      "revenue": 146223000,
      "gross_profit": null,
      "operating_income": 33704000,
      "net_income": 24096000,
      "opex": 112519000,
      "cogs": null,
      "rd": null,
      "sga": null,
      "fcf": 85741000,
      "ocf": 86787000,
      "capex": -1046000,
      "gross_margin": null,
      "op_margin": 0.23049725419393666,
      "fcf_margin": 0.5863715010634442,
      "incr_op_margin_yoy": 0.3386036859528633,
      "rev_growth_yoy": 0.3827887843396851,
      "rev_growth_yoy_accel": -0.0036841137483181186,
      "fcf_margin_change": 0.13293052700309477
    },
    {
      "date": "2024-12-31T00:00:00",
      "quarter_label": "2024-12 (Q4)",
      "revenue": 152797000,
      "gross_profit": null,
      "operating_income": 29398000,
      "net_income": 21061000,
      "opex": 123399000,
      "cogs": null,
      "rd": null,
      "sga": null,
      "fcf": 55088000,
      "ocf": 67966000,
      "capex": -12878000,
      "gross_margin": null,
      "op_margin": 0.19239906542667723,
      "fcf_margin": 0.3605306386905502,
      "incr_op_margin_yoy": 0.32749175688656956,
      "rev_growth_yoy": 0.3370406020301015,
      "rev_growth_yoy_accel": -0.04574818230958361,
      "op_leverage_ratio": 0.46495505982803864,
      "fcf_margin_change": -0.22584086237289397
    },
    {
      "date": "2025-03-31T00:00:00",
      "quarter_label": "2025-03 (Q1)",
      "revenue": 157732000,
      "gross_profit": null,
      "operating_income": 23903000,
      "net_income": 16869000,
      "opex": 133829000,
      "cogs": null,
      "rd": null,
      "sga": null,
      "fcf": 33535000,
      "ocf": 41013000,
      "capex": -7478000,
      "gross_margin": null,
      "op_margin": 0.15154185580605076,
      "fcf_margin": 0.21260746075621942,
      "incr_op_margin_yoy": -0.08577194752774975,
      "rev_growth_yoy": 0.32455514221173465,
      "rev_growth_yoy_accel": -0.01248545981836685,
      "op_leverage_ratio": 0.382119905284693,
      "fcf_margin_change": -0.14792317793433077
    },
    {
      "date": "2025-06-30T00:00:00",
      "quarter_label": "2025-06 (Q2)",
      "revenue": 195502000,
      "gross_profit": null,
      "operating_income": 28265000,
      "net_income": 60377000,
      "opex": 167237000,
      "cogs": null,
      "rd": null,
      "sga": null,
      "fcf": 94539000,
      "ocf": 104178000,
      "capex": -9639000,
      "gross_margin": null,
      "op_margin": 0.14457652607134455,
      "fcf_margin": 0.48357050055753903,
      "incr_op_margin_yoy": -0.5816096615745122,
      "rev_growth_yoy": 0.29368713605082053,
      "rev_growth_yoy_accel": -0.03086800616091412,
      "op_leverage_ratio": 0.9592392273169739,
      "fcf_margin_change": 0.27096303980131964
    },
    {
      "date": "2025-09-30T00:00:00",
      "quarter_label": "2025-09 (Q3)",
      "revenue": 183389000,
      "gross_profit": null,
      "operating_income": 38025000,
      "net_income": 24324000,
      "opex": 145364000,
      "cogs": null,
      "rd": null,
      "sga": null,
      "fcf": 57834000,
      "ocf": 63882000,
      "capex": -6048000,
      "gross_margin": null,
      "op_margin": 0.20734613308322747,
      "fcf_margin": 0.3153624263178271,
      "incr_op_margin_yoy": 0.11626217510627994,
      "rev_growth_yoy": 0.2541734200501973,
      "rev_growth_yoy_accel": -0.039513716000623256,
      "fcf_margin_change": -0.1682080742397119
    }
  ],
  "signals": [
    {
      "quarter": "2025-06 (Q2)",
      "signal": "FCF MARGIN EXPANSION",
      "detail": "FCF margin: +21.3% -> +48.4% (+27.1%)",
      "severity": "MEDIUM"
    },
    {
      "quarter": "2024-12 (Q4)",
      "signal": "INCREMENTAL MARGIN (YoY)",
      "detail": "YoY Incr OPM: +32.7% vs year-ago OPM: +14.7%",
      "severity": "MEDIUM"
    },
    {
      "quarter": "2024-09 (Q3)",
      "signal": "FCF MARGIN EXPANSION",
      "detail": "FCF margin: +45.3% -> +58.6% (+13.3%)",
      "severity": "MEDIUM"
    },
    {
      "quarter": "2024-09 (Q3)",
      "signal": "INCREMENTAL MARGIN (YoY)",
      "detail": "YoY Incr OPM: +33.9% vs year-ago OPM: +18.9%",
      "severity": "MEDIUM"
    },
    {
      "quarter": "2024-06 (Q2)",
      "signal": "OPERATING LEVERAGE",
      "detail": "Rev growth +26.9% vs OpEx growth +5.6% (leverage: 4.8x)",
      "severity": "MEDIUM"
    },
    {
      "quarter": "2024-06 (Q2)",
      "signal": "YoY REVENUE GROWTH ACCELERATION",
      "detail": "YoY growth: +38.6% vs prior quarter YoY: +33.0% (accel: +5.6%)",
      "severity": "MEDIUM"
    },
    {
      "quarter": "2024-06 (Q2)",
      "signal": "INCREMENTAL MARGIN (YoY)",
      "detail": "YoY Incr OPM: +82.2% vs year-ago OPM: +17.8%",
      "severity": "HIGH"
    },
    {
      "quarter": "2024-03 (Q1)",
      "signal": "INCREMENTAL MARGIN (YoY)",
      "detail": "YoY Incr OPM: +65.0% vs year-ago OPM: +8.9%",
      "severity": "HIGH"
    },
    {
      "quarter": "2023-12 (Q4)",
      "signal": "YoY REVENUE GROWTH DECELERATION",
      "detail": "YoY growth: +29.7% vs prior quarter YoY: +37.5% (decel: -7.9%)",
      "severity": "WARNING"
    },
    {
      "quarter": "2023-09 (Q3)",
      "signal": "FCF MARGIN EXPANSION",
      "detail": "FCF margin: +41.0% -> +66.0% (+25.0%)",
      "severity": "MEDIUM"
    },
    {
      "quarter": "2023-09 (Q3)",
      "signal": "INCREMENTAL MARGIN (YoY)",
      "detail": "YoY Incr OPM: +39.0% vs year-ago OPM: +11.4%",
      "severity": "HIGH"
    },
    {
      "quarter": "2023-06 (Q2)",
      "signal": "OPERATING LEVERAGE",
      "detail": "Rev growth +21.7% vs OpEx growth +9.8% (leverage: 2.2x)",
      "severity": "MEDIUM"
    },
    {
      "quarter": "2023-06 (Q2)",
      "signal": "YoY REVENUE GROWTH ACCELERATION",
      "detail": "YoY growth: +39.6% vs prior quarter YoY: +30.1% (accel: +9.5%)",
      "severity": "MEDIUM"
    },
    {
      "quarter": "2023-06 (Q2)",
      "signal": "INCREMENTAL MARGIN (YoY)",
      "detail": "YoY Incr OPM: +32.2% vs year-ago OPM: +12.1%",
      "severity": "HIGH"
    },
    {
      "quarter": "2023-03 (Q1)",
      "signal": "YoY REVENUE GROWTH ACCELERATION",
      "detail": "YoY growth: +30.1% vs prior quarter YoY: +16.3% (accel: +13.8%)",
      "severity": "MEDIUM"
    },
    {
      "quarter": "2023-03 (Q1)",
      "signal": "OP MARGIN TURNED POSITIVE (YoY)",
      "detail": "Op margin: -36.5% (year-ago) -> +8.9%",
      "severity": "HIGH"
    },
    {
      "quarter": "2022-12 (Q4)",
      "signal": "FCF MARGIN EXPANSION",
      "detail": "FCF margin: +29.1% -> +68.4% (+39.3%)",
      "severity": "MEDIUM"
    },
    {
      "quarter": "2022-12 (Q4)",
      "signal": "OPERATING LEVERAGE",
      "detail": "Rev growth +14.6% vs OpEx growth +4.8% (leverage: 3.1x)",
      "severity": "MEDIUM"
    },
    {
      "quarter": "2022-12 (Q4)",
      "signal": "YoY REVENUE GROWTH ACCELERATION",
      "detail": "YoY growth: +16.3% vs prior quarter YoY: +8.6% (accel: +7.6%)",
      "severity": "MEDIUM"
    },
    {
      "quarter": "2022-12 (Q4)",
      "signal": "INCREMENTAL MARGIN (YoY)",
      "detail": "YoY Incr OPM: +98.4% vs year-ago OPM: +6.1%",
      "severity": "HIGH"
    },
    {
      "quarter": "2022-09 (Q3)",
      "signal": "YoY REVENUE GROWTH DECELERATION",
      "detail": "YoY growth: +8.6% vs prior quarter YoY: +17.5% (decel: -8.8%)",
      "severity": "WARNING"
    },
    {
      "quarter": "2022-09 (Q3)",
      "signal": "INCREMENTAL MARGIN (YoY)",
      "detail": "YoY Incr OPM: +43.6% vs year-ago OPM: +8.6%",
      "severity": "HIGH"
    },
    {
      "quarter": "2022-06 (Q2)",
      "signal": "OP MARGIN TURNED POSITIVE (YoY)",
      "detail": "Op margin: -1.8% (year-ago) -> +12.1%",
      "severity": "HIGH"
    },
    {
      "quarter": "2022-06 (Q2)",
      "signal": "OP MARGIN TURNED POSITIVE (QoQ)",
      "detail": "Op margin: -36.5% -> +12.1%",
      "severity": "HIGH"
    },
    {
      "quarter": "2022-03 (Q1)",
      "signal": "FCF MARGIN EXPANSION",
      "detail": "FCF margin: +27.6% -> +40.4% (+12.8%)",
      "severity": "MEDIUM"
    },
    {
      "quarter": "2022-03 (Q1)",
      "signal": "YoY REVENUE GROWTH DECELERATION",
      "detail": "YoY growth: +12.6% vs prior quarter YoY: +23.3% (decel: -10.7%)",
      "severity": "WARNING"
    },
    {
      "quarter": "2021-12 (Q4)",
      "signal": "OP MARGIN TURNED POSITIVE (YoY)",
      "detail": "Op margin: -11.4% (year-ago) -> +6.1%",
      "severity": "HIGH"
    },
    {
      "quarter": "2021-09 (Q3)",
      "signal": "FCF MARGIN EXPANSION",
      "detail": "FCF margin: +29.4% -> +36.0% (+6.6%)",
      "severity": "MEDIUM"
    },
    {
      "quarter": "2021-09 (Q3)",
      "signal": "OP MARGIN TURNED POSITIVE (QoQ)",
      "detail": "Op margin: -1.8% -> +8.6%",
      "severity": "HIGH"
    },
    {
      "quarter": "2021-03 (Q1)",
      "signal": "FCF MARGIN EXPANSION",
      "detail": "FCF margin: +15.8% -> +36.8% (+21.0%)",
      "severity": "MEDIUM"
    }
  ],
  "data_quality": {
    "n_quarters": 20,
    "coverage": {
      "revenue": [
        20,
        20
      ],
      "gross_profit": [
        0,
        20
      ],
      "op_income": [
        20,
        20
      ],
      "fcf": [
        20,
        20
      ]
    },
    "gaps": [],
    "warnings": [
      "gross_profit: no data"
    ]
  },
  "market_cap": null,
  "source": "SEC EDGAR",
  "last_updated": "2026-02-02T21:51:16.057739"
}