{
  "ticker": "WM",
  "name": "WASTE MANAGEMENT INC",
  "quarters": [
    {
      "date": "2020-12-31T00:00:00",
      "quarter_label": "2020-12 (Q4)",
      "revenue": 4067000000,
      "gross_profit": 1567000000,
      "operating_income": 654000000,
      "net_income": 438000000,
      "opex": 3413000000,
      "cogs": 2500000000,
      "rd": null,
      "sga": 510000000,
      "fcf": 753000000,
      "ocf": 753000000,
      "capex": null,
      "gross_margin": 0.38529628718957465,
      "op_margin": 0.16080649127120727,
      "fcf_margin": 0.1851487582985001
    },
    {
      "date": "2021-03-31T00:00:00",
      "quarter_label": "2021-03 (Q1)",
      "revenue": 4112000000,
      "gross_profit": 1598000000,
      "operating_income": 650000000,
      "net_income": 421000000,
      "opex": 3462000000,
      "cogs": 2514000000,
      "rd": null,
      "sga": 458000000,
      "fcf": 1120000000,
      "ocf": 1120000000,
      "capex": null,
      "gross_margin": 0.38861867704280156,
      "op_margin": 0.1580739299610895,
      "fcf_margin": 0.2723735408560311,
      "op_leverage_ratio": 0.7706879161795035,
      "fcf_margin_change": 0.087224782557531
    },
    {
      "date": "2021-06-30T00:00:00",
      "quarter_label": "2021-06 (Q2)",
      "revenue": 4476000000,
      "gross_profit": 1740000000,
      "operating_income": 791000000,
      "net_income": 351000000,
      "opex": 3685000000,
      "cogs": 2736000000,
      "rd": null,
      "sga": 445000000,
      "fcf": 1043000000,
      "ocf": 1043000000,
      "capex": null,
      "gross_margin": 0.38873994638069703,
      "op_margin": 0.17672028596961573,
      "fcf_margin": 0.23302055406613048,
      "op_leverage_ratio": 1.3742649753101501,
      "fcf_margin_change": -0.039352986789900624
    },
    {
      "date": "2021-09-30T00:00:00",
      "quarter_label": "2021-09 (Q3)",
      "revenue": 4665000000,
      "gross_profit": 1759000000,
      "operating_income": 806000000,
      "net_income": 538000000,
      "opex": 3859000000,
      "cogs": 2906000000,
      "rd": null,
      "sga": 469000000,
      "fcf": 1184000000,
      "ocf": 1184000000,
      "capex": null,
      "gross_margin": 0.37706323687031085,
      "op_margin": 0.17277599142550912,
      "fcf_margin": 0.25380493033226154,
      "op_leverage_ratio": 0.8942521031709347,
      "fcf_margin_change": 0.020784376266131055
    },
    {
      "date": "2021-12-31T00:00:00",
      "quarter_label": "2021-12 (Q4)",
      "revenue": 4678000000,
      "gross_profit": 1723000000,
      "operating_income": 718000000,
      "net_income": 506000000,
      "opex": 3960000000,
      "cogs": 2955000000,
      "rd": null,
      "sga": 492000000,
      "fcf": 991000000,
      "ocf": 991000000,
      "capex": null,
      "gross_margin": 0.36831979478409577,
      "op_margin": 0.15348439504061565,
      "fcf_margin": 0.21184266780675504,
      "incr_op_margin_yoy": 0.10474631751227496,
      "rev_growth_yoy": 0.15023358741086795,
      "fcf_margin_change": -0.0419622625255065
    },
    {
      "date": "2022-03-31T00:00:00",
      "quarter_label": "2022-03 (Q1)",
      "revenue": 4661000000,
      "gross_profit": 1758000000,
      "operating_income": 768000000,
      "net_income": 513000000,
      "opex": 3893000000,
      "cogs": 2903000000,
      "rd": null,
      "sga": 491000000,
      "fcf": 1258000000,
      "ocf": 1258000000,
      "capex": null,
      "gross_margin": 0.377172280626475,
      "op_margin": 0.16477150826003004,
      "fcf_margin": 0.2698991632696846,
      "incr_op_margin_yoy": 0.21493624772313297,
      "rev_growth_yoy": 0.13351167315175097,
      "rev_growth_yoy_accel": -0.016721914259116982,
      "fcf_margin_change": 0.05805649546292957
    },
    {
      "date": "2022-06-30T00:00:00",
      "quarter_label": "2022-06 (Q2)",
      "revenue": 5027000000,
      "gross_profit": 1885000000,
      "operating_income": 890000000,
      "net_income": 587000000,
      "opex": 4137000000,
      "cogs": 3142000000,
      "rd": null,
      "sga": 487000000,
      "fcf": 1047000000,
      "ocf": 1047000000,
      "capex": null,
      "gross_margin": 0.37497513427491547,
      "op_margin": 0.17704396260194946,
      "fcf_margin": 0.20827531330813606,
      "incr_op_margin_yoy": 0.17967332123411978,
      "rev_growth_yoy": 0.12310098302055407,
      "rev_growth_yoy_accel": -0.0104106901311969,
      "op_leverage_ratio": 1.252842737609955,
      "fcf_margin_change": -0.061623849961548544
    },
    {
      "date": "2022-09-30T00:00:00",
      "quarter_label": "2022-09 (Q3)",
      "revenue": 5075000000,
      "gross_profit": 1919000000,
      "operating_income": 942000000,
      "net_income": 639000000,
      "opex": 4133000000,
      "cogs": 3156000000,
      "rd": null,
      "sga": 473000000,
      "fcf": 1182000000,
      "ocf": 1182000000,
      "capex": null,
      "gross_margin": 0.37812807881773397,
      "op_margin": 0.18561576354679804,
      "fcf_margin": 0.23290640394088669,
      "incr_op_margin_yoy": 0.33170731707317075,
      "rev_growth_yoy": 0.08788853161843516,
      "rev_growth_yoy_accel": -0.03521245140211891,
      "fcf_margin_change": 0.024631090632750624
    },
    {
      "date": "2022-12-31T00:00:00",
      "quarter_label": "2022-12 (Q4)",
      "revenue": 4935000000,
      "gross_profit": 1842000000,
      "operating_income": 765000000,
      "net_income": 499000000,
      "opex": 4170000000,
      "cogs": 3093000000,
      "rd": null,
      "sga": 487000000,
      "fcf": 1049000000,
      "ocf": 1049000000,
      "capex": null,
      "gross_margin": 0.37325227963525837,
      "op_margin": 0.15501519756838905,
      "fcf_margin": 0.21256332320162108,
      "incr_op_margin_yoy": 0.1828793774319066,
      "rev_growth_yoy": 0.05493800769559641,
      "rev_growth_yoy_accel": -0.032950523922838745,
      "fcf_margin_change": -0.020343080739265607
    },
    {
      "date": "2023-03-31T00:00:00",
      "quarter_label": "2023-03 (Q1)",
      "revenue": 4892000000,
      "gross_profit": 1806000000,
      "operating_income": 825000000,
      "net_income": 533000000,
      "opex": 4067000000,
      "cogs": 3086000000,
      "rd": null,
      "sga": 476000000,
      "fcf": 1044000000,
      "ocf": 1044000000,
      "capex": null,
      "gross_margin": 0.36917416189697466,
      "op_margin": 0.1686426819296811,
      "fcf_margin": 0.2134096484055601,
      "incr_op_margin_yoy": 0.24675324675324675,
      "rev_growth_yoy": 0.04956018021883716,
      "rev_growth_yoy_accel": -0.005377827476759252,
      "fcf_margin_change": 0.0008463252039390134
    },
    {
      "date": "2023-06-30T00:00:00",
      "quarter_label": "2023-06 (Q2)",
      "revenue": 5119000000,
      "gross_profit": 1933000000,
      "operating_income": 944000000,
      "net_income": 615000000,
      "opex": 4175000000,
      "cogs": 3186000000,
      "rd": null,
      "sga": 467000000,
      "fcf": 1030000000,
      "ocf": 1030000000,
      "capex": null,
      "gross_margin": 0.37761281500293026,
      "op_margin": 0.18441101777690955,
      "fcf_margin": 0.20121117405743308,
      "incr_op_margin_yoy": 0.5869565217391305,
      "rev_growth_yoy": 0.01830117366222399,
      "rev_growth_yoy_accel": -0.031259006556613164,
      "op_leverage_ratio": 1.7473899185366888,
      "fcf_margin_change": -0.012198474348127014
    },
    {
      "date": "2023-09-30T00:00:00",
      "quarter_label": "2023-09 (Q3)",
      "revenue": 5198000000,
      "gross_profit": 2010000000,
      "operating_income": 1021000000,
      "net_income": 663000000,
      "opex": 4177000000,
      "cogs": 3188000000,
      "rd": null,
      "sga": 470000000,
      "fcf": 1263000000,
      "ocf": 1263000000,
      "capex": null,
      "gross_margin": 0.38668718737976143,
      "op_margin": 0.19642170065409773,
      "fcf_margin": 0.24297806848787995,
      "incr_op_margin_yoy": 0.6422764227642277,
      "rev_growth_yoy": 0.024236453201970442,
      "rev_growth_yoy_accel": 0.0059352795397464506,
      "op_leverage_ratio": Infinity,
      "fcf_margin_change": 0.04176689443044687
    },
    {
      "date": "2023-12-31T00:00:00",
      "quarter_label": "2023-12 (Q4)",
      "revenue": 5217000000,
      "gross_profit": 2071000000,
      "operating_income": 785000000,
      "net_income": 493000000,
      "opex": 4432000000,
      "cogs": 3146000000,
      "rd": null,
      "sga": 513000000,
      "fcf": 1382000000,
      "ocf": 1382000000,
      "capex": null,
      "gross_margin": 0.396971439524631,
      "op_margin": 0.15046961855472493,
      "fcf_margin": 0.26490320107341386,
      "incr_op_margin_yoy": 0.07092198581560284,
      "rev_growth_yoy": 0.05714285714285714,
      "rev_growth_yoy_accel": 0.0329064039408867,
      "fcf_margin_change": 0.021925132585533913
    },
    {
      "date": "2024-03-31T00:00:00",
      "quarter_label": "2024-03 (Q1)",
      "revenue": 5159000000,
      "gross_profit": 2019000000,
      "operating_income": 1016000000,
      "net_income": 708000000,
      "opex": 4143000000,
      "cogs": 3140000000,
      "rd": null,
      "sga": 491000000,
      "fcf": 1367000000,
      "ocf": 1367000000,
      "capex": null,
      "gross_margin": 0.39135491374297343,
      "op_margin": 0.19693739096724172,
      "fcf_margin": 0.26497383213801123,
      "incr_op_margin_yoy": 0.7153558052434457,
      "rev_growth_yoy": 0.05457890433360589,
      "rev_growth_yoy_accel": -0.0025639528092512506,
      "fcf_margin_change": 7.063106459737067e-05
    },
    {
      "date": "2024-06-30T00:00:00",
      "quarter_label": "2024-06 (Q2)",
      "revenue": 5402000000,
      "gross_profit": 2111000000,
      "operating_income": 1009000000,
      "net_income": 680000000,
      "opex": 4393000000,
      "cogs": 3291000000,
      "rd": null,
      "sga": 501000000,
      "fcf": 1154000000,
      "ocf": 1154000000,
      "capex": null,
      "gross_margin": 0.39078119215105517,
      "op_margin": 0.18678267308404295,
      "fcf_margin": 0.2136245834875972,
      "incr_op_margin_yoy": 0.22968197879858657,
      "rev_growth_yoy": 0.05528423520218793,
      "rev_growth_yoy_accel": 0.0007053308685820367,
      "op_leverage_ratio": 0.780576855979841,
      "fcf_margin_change": -0.05134924865041404
    },
    {
      "date": "2024-09-30T00:00:00",
      "quarter_label": "2024-09 (Q3)",
      "revenue": 5609000000,
      "gross_profit": 2210000000,
      "operating_income": 1119000000,
      "net_income": 760000000,
      "opex": 4490000000,
      "cogs": 3399000000,
      "rd": null,
      "sga": 525000000,
      "fcf": 1358000000,
      "ocf": 1358000000,
      "capex": null,
      "gross_margin": 0.3940096273845605,
      "op_margin": 0.19950080228204672,
      "fcf_margin": 0.24211089320734533,
      "incr_op_margin_yoy": 0.2384428223844282,
      "rev_growth_yoy": 0.07906887264332435,
      "rev_growth_yoy_accel": 0.023784637441136423,
      "op_leverage_ratio": 1.7354225430062176,
      "fcf_margin_change": 0.028486309719748137
    },
    {
      "date": "2024-12-31T00:00:00",
      "quarter_label": "2024-12 (Q4)",
      "revenue": 5893000000,
      "gross_profit": 2340000000,
      "operating_income": 919000000,
      "net_income": 598000000,
      "opex": 4974000000,
      "cogs": 3553000000,
      "rd": null,
      "sga": 747000000,
      "fcf": 1511000000,
      "ocf": 1511000000,
      "capex": null,
      "gross_margin": 0.3970812828779908,
      "op_margin": 0.1559477346003733,
      "fcf_margin": 0.2564059053113864,
      "incr_op_margin_yoy": 0.19822485207100593,
      "rev_growth_yoy": 0.12957638489553383,
      "rev_growth_yoy_accel": 0.05050751225220948,
      "op_leverage_ratio": 0.469714405272518,
      "fcf_margin_change": 0.014295012104041077
    },
    {
      "date": "2025-03-31T00:00:00",
      "quarter_label": "2025-03 (Q1)",
      "revenue": 6018000000,
      "gross_profit": 2371000000,
      "operating_income": 1013000000,
      "net_income": 637000000,
      "opex": 5005000000,
      "cogs": 3647000000,
      "rd": null,
      "sga": 687000000,
      "fcf": 1208000000,
      "ocf": 1208000000,
      "capex": null,
      "gross_margin": 0.3939847125290794,
      "op_margin": 0.16832834828846793,
      "fcf_margin": 0.20073113991359257,
      "incr_op_margin_yoy": -0.0034924330616996507,
      "rev_growth_yoy": 0.16650513665439037,
      "rev_growth_yoy_accel": 0.03692875175885654,
      "op_leverage_ratio": 3.4034365540307525,
      "fcf_margin_change": -0.05567476539779384
    },
    {
      "date": "2025-06-30T00:00:00",
      "quarter_label": "2025-06 (Q2)",
      "revenue": 6430000000,
      "gross_profit": 2591000000,
      "operating_income": 1151000000,
      "net_income": 726000000,
      "opex": 5279000000,
      "cogs": 3839000000,
      "rd": null,
      "sga": 696000000,
      "fcf": 1545000000,
      "ocf": 1545000000,
      "capex": null,
      "gross_margin": 0.40295489891135305,
      "op_margin": 0.17900466562986003,
      "fcf_margin": 0.24027993779160187,
      "incr_op_margin_yoy": 0.13813229571984437,
      "rev_growth_yoy": 0.19029988893002592,
      "rev_growth_yoy_accel": 0.023794752275635545,
      "op_leverage_ratio": 1.250542775566245,
      "fcf_margin_change": 0.0395487978780093
    },
    {
      "date": "2025-09-30T00:00:00",
      "quarter_label": "2025-09 (Q3)",
      "revenue": 6443000000,
      "gross_profit": 2610000000,
      "operating_income": 989000000,
      "net_income": 603000000,
      "opex": 5454000000,
      "cogs": 3833000000,
      "rd": null,
      "sga": 665000000,
      "fcf": 1592000000,
      "ocf": 1592000000,
      "capex": null,
      "gross_margin": 0.4050907962129443,
      "op_margin": 0.1534999223963992,
      "fcf_margin": 0.2470898649697346,
      "incr_op_margin_yoy": -0.15587529976019185,
      "rev_growth_yoy": 0.14868960599037262,
      "rev_growth_yoy_accel": -0.0416102829396533,
      "fcf_margin_change": 0.006809927178132724
    }
  ],
  "signals": [
    {
      "quarter": "2025-03 (Q1)",
      "signal": "OPERATING LEVERAGE",
      "detail": "Rev growth +2.1% vs OpEx growth +0.6% (leverage: 3.4x)",
      "severity": "MEDIUM"
    },
    {
      "quarter": "2024-12 (Q4)",
      "signal": "YoY REVENUE GROWTH ACCELERATION",
      "detail": "YoY growth: +13.0% vs prior quarter YoY: +7.9% (accel: +5.1%)",
      "severity": "MEDIUM"
    },
    {
      "quarter": "2024-09 (Q3)",
      "signal": "OPERATING LEVERAGE",
      "detail": "Rev growth +3.8% vs OpEx growth +2.2% (leverage: 1.7x)",
      "severity": "MEDIUM"
    },
    {
      "quarter": "2024-03 (Q1)",
      "signal": "INCREMENTAL MARGIN (YoY)",
      "detail": "YoY Incr OPM: +71.5% vs year-ago OPM: +16.9%",
      "severity": "HIGH"
    },
    {
      "quarter": "2023-09 (Q3)",
      "signal": "OPERATING LEVERAGE",
      "detail": "Rev growth +1.5% vs OpEx growth +0.0% (leverage: 32.2x)",
      "severity": "MEDIUM"
    },
    {
      "quarter": "2023-09 (Q3)",
      "signal": "INCREMENTAL MARGIN (YoY)",
      "detail": "YoY Incr OPM: +64.2% vs year-ago OPM: +18.6%",
      "severity": "HIGH"
    },
    {
      "quarter": "2023-06 (Q2)",
      "signal": "OPERATING LEVERAGE",
      "detail": "Rev growth +4.6% vs OpEx growth +2.7% (leverage: 1.7x)",
      "severity": "MEDIUM"
    },
    {
      "quarter": "2023-06 (Q2)",
      "signal": "INCREMENTAL MARGIN (YoY)",
      "detail": "YoY Incr OPM: +58.7% vs year-ago OPM: +17.7%",
      "severity": "HIGH"
    },
    {
      "quarter": "2022-09 (Q3)",
      "signal": "INCREMENTAL MARGIN (YoY)",
      "detail": "YoY Incr OPM: +33.2% vs year-ago OPM: +17.3%",
      "severity": "MEDIUM"
    },
    {
      "quarter": "2022-03 (Q1)",
      "signal": "FCF MARGIN EXPANSION",
      "detail": "FCF margin: +21.2% -> +27.0% (+5.8%)",
      "severity": "MEDIUM"
    },
    {
      "quarter": "2021-03 (Q1)",
      "signal": "FCF MARGIN EXPANSION",
      "detail": "FCF margin: +18.5% -> +27.2% (+8.7%)",
      "severity": "MEDIUM"
    }
  ],
  "data_quality": {
    "n_quarters": 20,
    "coverage": {
      "revenue": [
        20,
        20
      ],
      "gross_profit": [
        20,
        20
      ],
      "op_income": [
        20,
        20
      ],
      "fcf": [
        20,
        20
      ]
    },
    "gaps": [],
    "warnings": []
  },
  "market_cap": null,
  "source": "SEC EDGAR",
  "last_updated": "2026-02-02T19:51:10.037959"
}