{
  "ticker": "WMB",
  "name": "Williams\u00a0Companies,\u00a0Inc.",
  "quarters": [
    {
      "date": "2020-12-31T00:00:00",
      "quarter_label": "2020-12 (Q4)",
      "revenue": 2092000000,
      "gross_profit": null,
      "operating_income": 518000000,
      "net_income": 116000000,
      "opex": 1574000000,
      "cogs": null,
      "rd": null,
      "sga": 112000000,
      "fcf": 813000000,
      "ocf": 1114000000,
      "capex": -301000000,
      "gross_margin": null,
      "op_margin": 0.24760994263862332,
      "fcf_margin": 0.388623326959847
    },
    {
      "date": "2021-03-31T00:00:00",
      "quarter_label": "2021-03 (Q1)",
      "revenue": 2612000000,
      "gross_profit": null,
      "operating_income": 739000000,
      "net_income": 426000000,
      "opex": 1873000000,
      "cogs": null,
      "rd": null,
      "sga": 123000000,
      "fcf": 655000000,
      "ocf": 915000000,
      "capex": -260000000,
      "gross_margin": null,
      "op_margin": 0.2829249617151608,
      "fcf_margin": 0.2507656967840735,
      "op_leverage_ratio": 1.308504447585003,
      "fcf_margin_change": -0.13785763017577352
    },
    {
      "date": "2021-06-30T00:00:00",
      "quarter_label": "2021-06 (Q2)",
      "revenue": 2283000000,
      "gross_profit": null,
      "operating_income": 600000000,
      "net_income": 304000000,
      "opex": 1683000000,
      "cogs": null,
      "rd": null,
      "sga": 114000000,
      "fcf": 632000000,
      "ocf": 1057000000,
      "capex": -425000000,
      "gross_margin": null,
      "op_margin": 0.2628120893561104,
      "fcf_margin": 0.2768287341217696,
      "fcf_margin_change": 0.026063037337696104
    },
    {
      "date": "2021-09-30T00:00:00",
      "quarter_label": "2021-09 (Q3)",
      "revenue": 2475000000,
      "gross_profit": null,
      "operating_income": 355000000,
      "net_income": 165000000,
      "opex": 2120000000,
      "cogs": null,
      "rd": null,
      "sga": 152000000,
      "fcf": 562000000,
      "ocf": 834000000,
      "capex": -272000000,
      "gross_margin": null,
      "op_margin": 0.14343434343434344,
      "fcf_margin": 0.22707070707070706,
      "op_leverage_ratio": 0.323890340603265,
      "fcf_margin_change": -0.04975802705106255
    },
    {
      "date": "2021-12-31T00:00:00",
      "quarter_label": "2021-12 (Q4)",
      "revenue": 3257000000,
      "gross_profit": null,
      "operating_income": 937000000,
      "net_income": 622000000,
      "opex": 2320000000,
      "cogs": null,
      "rd": null,
      "sga": 169000000,
      "fcf": 857000000,
      "ocf": 1139000000,
      "capex": -282000000,
      "gross_margin": null,
      "op_margin": 0.2876880564937059,
      "fcf_margin": 0.263125575683144,
      "incr_op_margin_yoy": 0.35965665236051503,
      "rev_growth_yoy": 0.5568833652007649,
      "op_leverage_ratio": 3.349171717171717,
      "fcf_margin_change": 0.036054868612436924
    },
    {
      "date": "2022-03-31T00:00:00",
      "quarter_label": "2022-03 (Q1)",
      "revenue": 2524000000,
      "gross_profit": null,
      "operating_income": 654000000,
      "net_income": 380000000,
      "opex": 1870000000,
      "cogs": null,
      "rd": null,
      "sga": 154000000,
      "fcf": 791000000,
      "ocf": 1082000000,
      "capex": -291000000,
      "gross_margin": null,
      "op_margin": 0.2591125198098257,
      "fcf_margin": 0.313391442155309,
      "incr_op_margin_yoy": 0.9659090909090909,
      "rev_growth_yoy": -0.033690658499234305,
      "rev_growth_yoy_accel": -0.5905740236999992,
      "fcf_margin_change": 0.05026586647216502
    },
    {
      "date": "2022-06-30T00:00:00",
      "quarter_label": "2022-06 (Q2)",
      "revenue": 2490000000,
      "gross_profit": null,
      "operating_income": 472000000,
      "net_income": 400000000,
      "opex": 2018000000,
      "cogs": null,
      "rd": null,
      "sga": 160000000,
      "fcf": 783000000,
      "ocf": 1098000000,
      "capex": -315000000,
      "gross_margin": null,
      "op_margin": 0.1895582329317269,
      "fcf_margin": 0.3144578313253012,
      "incr_op_margin_yoy": -0.6183574879227053,
      "rev_growth_yoy": 0.09067017082785808,
      "rev_growth_yoy_accel": 0.12436082932709239,
      "fcf_margin_change": 0.001066389169992188
    },
    {
      "date": "2022-09-30T00:00:00",
      "quarter_label": "2022-09 (Q3)",
      "revenue": 3021000000,
      "gross_profit": null,
      "operating_income": 820000000,
      "net_income": 600000000,
      "opex": 2201000000,
      "cogs": null,
      "rd": null,
      "sga": 163000000,
      "fcf": 649000000,
      "ocf": 1490000000,
      "capex": -841000000,
      "gross_margin": null,
      "op_margin": 0.27143330023171136,
      "fcf_margin": 0.21482952664680569,
      "incr_op_margin_yoy": 0.8516483516483516,
      "rev_growth_yoy": 0.2206060606060606,
      "rev_growth_yoy_accel": 0.12993588977820253,
      "op_leverage_ratio": 2.35160971755876,
      "fcf_margin_change": -0.09962830467849551
    },
    {
      "date": "2022-12-31T00:00:00",
      "quarter_label": "2022-12 (Q4)",
      "revenue": 2930000000,
      "gross_profit": null,
      "operating_income": 1072000000,
      "net_income": 669000000,
      "opex": 1858000000,
      "cogs": null,
      "rd": null,
      "sga": 159000000,
      "fcf": 413000000,
      "ocf": 1219000000,
      "capex": -806000000,
      "gross_margin": null,
      "op_margin": 0.3658703071672355,
      "fcf_margin": 0.1409556313993174,
      "incr_op_margin_yoy": -0.41284403669724773,
      "rev_growth_yoy": -0.10039914031317163,
      "rev_growth_yoy_accel": -0.32100520091923224,
      "fcf_margin_change": -0.07387389524748827
    },
    {
      "date": "2023-03-31T00:00:00",
      "quarter_label": "2023-03 (Q1)",
      "revenue": 3081000000,
      "gross_profit": null,
      "operating_income": 1360000000,
      "net_income": 927000000,
      "opex": 1721000000,
      "cogs": null,
      "rd": null,
      "sga": 176000000,
      "fcf": 969000000,
      "ocf": 1514000000,
      "capex": -545000000,
      "gross_margin": null,
      "op_margin": 0.44141512495942875,
      "fcf_margin": 0.314508276533593,
      "incr_op_margin_yoy": 1.267504488330341,
      "rev_growth_yoy": 0.22068145800316957,
      "rev_growth_yoy_accel": 0.32108059831634117,
      "op_leverage_ratio": Infinity,
      "fcf_margin_change": 0.17355264513427557
    },
    {
      "date": "2023-06-30T00:00:00",
      "quarter_label": "2023-06 (Q2)",
      "revenue": 2483000000,
      "gross_profit": null,
      "operating_income": 870000000,
      "net_income": 460000000,
      "opex": 1613000000,
      "cogs": null,
      "rd": null,
      "sga": 161000000,
      "fcf": 767000000,
      "ocf": 1377000000,
      "capex": -610000000,
      "gross_margin": null,
      "op_margin": 0.3503826016915022,
      "fcf_margin": 0.3089005235602094,
      "incr_op_margin_yoy": -56.857142857142854,
      "rev_growth_yoy": -0.002811244979919679,
      "rev_growth_yoy_accel": -0.22349270298308926,
      "fcf_margin_change": -0.005607752973383562
    },
    {
      "date": "2023-09-30T00:00:00",
      "quarter_label": "2023-09 (Q3)",
      "revenue": 2559000000,
      "gross_profit": null,
      "operating_income": 994000000,
      "net_income": 654000000,
      "opex": 1565000000,
      "cogs": null,
      "rd": null,
      "sga": 146000000,
      "fcf": 544000000,
      "ocf": 1234000000,
      "capex": -690000000,
      "gross_margin": null,
      "op_margin": 0.3884329816334506,
      "fcf_margin": 0.2125830402500977,
      "incr_op_margin_yoy": -0.37662337662337664,
      "rev_growth_yoy": -0.1529294935451837,
      "rev_growth_yoy_accel": -0.150118248565264,
      "op_leverage_ratio": Infinity,
      "fcf_margin_change": -0.09631748331011172
    },
    {
      "date": "2023-12-31T00:00:00",
      "quarter_label": "2023-12 (Q4)",
      "revenue": 2784000000,
      "gross_profit": null,
      "operating_income": 1087000000,
      "net_income": 1138000000,
      "opex": 1697000000,
      "cogs": null,
      "rd": null,
      "sga": 182000000,
      "fcf": 1142000000,
      "ocf": 1813000000,
      "capex": -671000000,
      "gross_margin": null,
      "op_margin": 0.39044540229885055,
      "fcf_margin": 0.41020114942528735,
      "incr_op_margin_yoy": -0.10273972602739725,
      "rev_growth_yoy": -0.049829351535836175,
      "rev_growth_yoy_accel": 0.10310014200934753,
      "op_leverage_ratio": 1.0424437813066183,
      "fcf_margin_change": 0.19761810917518965
    },
    {
      "date": "2024-03-31T00:00:00",
      "quarter_label": "2024-03 (Q1)",
      "revenue": 2771000000,
      "gross_profit": null,
      "operating_income": 1012000000,
      "net_income": 632000000,
      "opex": 1759000000,
      "cogs": null,
      "rd": null,
      "sga": 186000000,
      "fcf": 690000000,
      "ocf": 1234000000,
      "capex": -544000000,
      "gross_margin": null,
      "op_margin": 0.365211115120895,
      "fcf_margin": 0.2490075784915193,
      "incr_op_margin_yoy": 1.1225806451612903,
      "rev_growth_yoy": -0.10061668289516391,
      "rev_growth_yoy_accel": -0.05078733135932774,
      "fcf_margin_change": -0.16119357093376804
    },
    {
      "date": "2024-06-30T00:00:00",
      "quarter_label": "2024-06 (Q2)",
      "revenue": 2336000000,
      "gross_profit": null,
      "operating_income": 696000000,
      "net_income": 401000000,
      "opex": 1640000000,
      "cogs": null,
      "rd": null,
      "sga": 164000000,
      "fcf": 700000000,
      "ocf": 1279000000,
      "capex": -579000000,
      "gross_margin": null,
      "op_margin": 0.2979452054794521,
      "fcf_margin": 0.2996575342465753,
      "incr_op_margin_yoy": 1.183673469387755,
      "rev_growth_yoy": -0.05920257752718486,
      "rev_growth_yoy_accel": 0.04141410536797906,
      "fcf_margin_change": 0.050649955755056014
    },
    {
      "date": "2024-09-30T00:00:00",
      "quarter_label": "2024-09 (Q3)",
      "revenue": 2653000000,
      "gross_profit": null,
      "operating_income": 838000000,
      "net_income": 706000000,
      "opex": 1815000000,
      "cogs": null,
      "rd": null,
      "sga": 170000000,
      "fcf": 561000000,
      "ocf": 1243000000,
      "capex": -682000000,
      "gross_margin": null,
      "op_margin": 0.31586882774217867,
      "fcf_margin": 0.2114587259705993,
      "incr_op_margin_yoy": -1.6595744680851063,
      "rev_growth_yoy": 0.03673309886674482,
      "rev_growth_yoy_accel": 0.09593567639392968,
      "op_leverage_ratio": 1.2717221135029355,
      "fcf_margin_change": -0.08819880827597601
    },
    {
      "date": "2024-12-31T00:00:00",
      "quarter_label": "2024-12 (Q4)",
      "revenue": 2743000000,
      "gross_profit": null,
      "operating_income": 793000000,
      "net_income": 486000000,
      "opex": 1950000000,
      "cogs": null,
      "rd": null,
      "sga": 188000000,
      "fcf": 450000000,
      "ocf": 1218000000,
      "capex": -768000000,
      "gross_margin": null,
      "op_margin": 0.2890995260663507,
      "fcf_margin": 0.16405395552314983,
      "incr_op_margin_yoy": 7.170731707317073,
      "rev_growth_yoy": -0.014727011494252873,
      "rev_growth_yoy_accel": -0.05146011036099769,
      "op_leverage_ratio": 0.4560874481718809,
      "fcf_margin_change": -0.04740477044744948
    },
    {
      "date": "2025-03-31T00:00:00",
      "quarter_label": "2025-03 (Q1)",
      "revenue": 3048000000,
      "gross_profit": null,
      "operating_income": 1094000000,
      "net_income": 691000000,
      "opex": 1954000000,
      "cogs": null,
      "rd": null,
      "sga": 194000000,
      "fcf": 421000000,
      "ocf": 1433000000,
      "capex": -1012000000,
      "gross_margin": null,
      "op_margin": 0.3589238845144357,
      "fcf_margin": 0.1381233595800525,
      "incr_op_margin_yoy": 0.296028880866426,
      "rev_growth_yoy": 0.09996391194514616,
      "rev_growth_yoy_accel": 0.11469092343939903,
      "op_leverage_ratio": 54.20616113744076,
      "fcf_margin_change": -0.025930595943097323
    },
    {
      "date": "2025-06-30T00:00:00",
      "quarter_label": "2025-06 (Q2)",
      "revenue": 2781000000,
      "gross_profit": null,
      "operating_income": 945000000,
      "net_income": 546000000,
      "opex": 1836000000,
      "cogs": null,
      "rd": null,
      "sga": 168000000,
      "fcf": 478000000,
      "ocf": 1450000000,
      "capex": -972000000,
      "gross_margin": null,
      "op_margin": 0.33980582524271846,
      "fcf_margin": 0.17188061848256023,
      "incr_op_margin_yoy": 0.5595505617977528,
      "rev_growth_yoy": 0.19049657534246575,
      "rev_growth_yoy_accel": 0.0905326633973196,
      "fcf_margin_change": 0.03375725890250772
    },
    {
      "date": "2025-09-30T00:00:00",
      "quarter_label": "2025-09 (Q3)",
      "revenue": 2923000000,
      "gross_profit": null,
      "operating_income": 1109000000,
      "net_income": 647000000,
      "opex": 1814000000,
      "cogs": null,
      "rd": null,
      "sga": 168000000,
      "fcf": 485000000,
      "ocf": 1439000000,
      "capex": -954000000,
      "gross_margin": null,
      "op_margin": 0.37940472117687307,
      "fcf_margin": 0.16592541908997605,
      "incr_op_margin_yoy": 1.0037037037037038,
      "rev_growth_yoy": 0.1017715793441387,
      "rev_growth_yoy_accel": -0.08872499599832705,
      "op_leverage_ratio": Infinity,
      "fcf_margin_change": -0.005955199392584182
    }
  ],
  "signals": [
    {
      "quarter": "2025-09 (Q3)",
      "signal": "YoY REVENUE GROWTH DECELERATION",
      "detail": "YoY growth: +10.2% vs prior quarter YoY: +19.0% (decel: -8.9%)",
      "severity": "WARNING"
    },
    {
      "quarter": "2025-09 (Q3)",
      "signal": "INCREMENTAL MARGIN (YoY)",
      "detail": "YoY Incr OPM: +100.4% vs year-ago OPM: +31.6%",
      "severity": "HIGH"
    },
    {
      "quarter": "2025-06 (Q2)",
      "signal": "YoY REVENUE GROWTH ACCELERATION",
      "detail": "YoY growth: +19.0% vs prior quarter YoY: +10.0% (accel: +9.1%)",
      "severity": "MEDIUM"
    },
    {
      "quarter": "2025-06 (Q2)",
      "signal": "INCREMENTAL MARGIN (YoY)",
      "detail": "YoY Incr OPM: +56.0% vs year-ago OPM: +29.8%",
      "severity": "HIGH"
    },
    {
      "quarter": "2025-03 (Q1)",
      "signal": "OPERATING LEVERAGE",
      "detail": "Rev growth +11.1% vs OpEx growth +0.2% (leverage: 54.2x)",
      "severity": "MEDIUM"
    },
    {
      "quarter": "2025-03 (Q1)",
      "signal": "YoY REVENUE GROWTH ACCELERATION",
      "detail": "YoY growth: +10.0% vs prior quarter YoY: -1.5% (accel: +11.5%)",
      "severity": "MEDIUM"
    },
    {
      "quarter": "2024-12 (Q4)",
      "signal": "YoY REVENUE GROWTH DECELERATION",
      "detail": "YoY growth: -1.5% vs prior quarter YoY: +3.7% (decel: -5.1%)",
      "severity": "WARNING"
    },
    {
      "quarter": "2024-12 (Q4)",
      "signal": "INCREMENTAL MARGIN (YoY)",
      "detail": "YoY Incr OPM: +717.1% vs year-ago OPM: +39.0%",
      "severity": "HIGH"
    },
    {
      "quarter": "2024-09 (Q3)",
      "signal": "YoY REVENUE GROWTH ACCELERATION",
      "detail": "YoY growth: +3.7% vs prior quarter YoY: -5.9% (accel: +9.6%)",
      "severity": "MEDIUM"
    },
    {
      "quarter": "2024-06 (Q2)",
      "signal": "FCF MARGIN EXPANSION",
      "detail": "FCF margin: +24.9% -> +30.0% (+5.1%)",
      "severity": "MEDIUM"
    },
    {
      "quarter": "2024-06 (Q2)",
      "signal": "INCREMENTAL MARGIN (YoY)",
      "detail": "YoY Incr OPM: +118.4% vs year-ago OPM: +35.0%",
      "severity": "HIGH"
    },
    {
      "quarter": "2024-03 (Q1)",
      "signal": "YoY REVENUE GROWTH DECELERATION",
      "detail": "YoY growth: -10.1% vs prior quarter YoY: -5.0% (decel: -5.1%)",
      "severity": "WARNING"
    },
    {
      "quarter": "2024-03 (Q1)",
      "signal": "INCREMENTAL MARGIN (YoY)",
      "detail": "YoY Incr OPM: +112.3% vs year-ago OPM: +44.1%",
      "severity": "HIGH"
    },
    {
      "quarter": "2023-12 (Q4)",
      "signal": "FCF MARGIN EXPANSION",
      "detail": "FCF margin: +21.3% -> +41.0% (+19.8%)",
      "severity": "MEDIUM"
    },
    {
      "quarter": "2023-12 (Q4)",
      "signal": "YoY REVENUE GROWTH ACCELERATION",
      "detail": "YoY growth: -5.0% vs prior quarter YoY: -15.3% (accel: +10.3%)",
      "severity": "MEDIUM"
    },
    {
      "quarter": "2023-09 (Q3)",
      "signal": "YoY REVENUE GROWTH DECELERATION",
      "detail": "YoY growth: -15.3% vs prior quarter YoY: -0.3% (decel: -15.0%)",
      "severity": "WARNING"
    },
    {
      "quarter": "2023-06 (Q2)",
      "signal": "YoY REVENUE GROWTH DECELERATION",
      "detail": "YoY growth: -0.3% vs prior quarter YoY: +22.1% (decel: -22.3%)",
      "severity": "WARNING"
    },
    {
      "quarter": "2023-03 (Q1)",
      "signal": "FCF MARGIN EXPANSION",
      "detail": "FCF margin: +14.1% -> +31.5% (+17.4%)",
      "severity": "MEDIUM"
    },
    {
      "quarter": "2023-03 (Q1)",
      "signal": "YoY REVENUE GROWTH ACCELERATION",
      "detail": "YoY growth: +22.1% vs prior quarter YoY: -10.0% (accel: +32.1%)",
      "severity": "HIGH"
    },
    {
      "quarter": "2023-03 (Q1)",
      "signal": "INCREMENTAL MARGIN (YoY)",
      "detail": "YoY Incr OPM: +126.8% vs year-ago OPM: +25.9%",
      "severity": "HIGH"
    },
    {
      "quarter": "2022-12 (Q4)",
      "signal": "YoY REVENUE GROWTH DECELERATION",
      "detail": "YoY growth: -10.0% vs prior quarter YoY: +22.1% (decel: -32.1%)",
      "severity": "WARNING"
    },
    {
      "quarter": "2022-09 (Q3)",
      "signal": "OPERATING LEVERAGE",
      "detail": "Rev growth +21.3% vs OpEx growth +9.1% (leverage: 2.4x)",
      "severity": "MEDIUM"
    },
    {
      "quarter": "2022-09 (Q3)",
      "signal": "YoY REVENUE GROWTH ACCELERATION",
      "detail": "YoY growth: +22.1% vs prior quarter YoY: +9.1% (accel: +13.0%)",
      "severity": "MEDIUM"
    },
    {
      "quarter": "2022-09 (Q3)",
      "signal": "INCREMENTAL MARGIN (YoY)",
      "detail": "YoY Incr OPM: +85.2% vs year-ago OPM: +14.3%",
      "severity": "HIGH"
    },
    {
      "quarter": "2022-06 (Q2)",
      "signal": "YoY REVENUE GROWTH ACCELERATION",
      "detail": "YoY growth: +9.1% vs prior quarter YoY: -3.4% (accel: +12.4%)",
      "severity": "MEDIUM"
    },
    {
      "quarter": "2022-03 (Q1)",
      "signal": "FCF MARGIN EXPANSION",
      "detail": "FCF margin: +26.3% -> +31.3% (+5.0%)",
      "severity": "MEDIUM"
    },
    {
      "quarter": "2022-03 (Q1)",
      "signal": "YoY REVENUE GROWTH DECELERATION",
      "detail": "YoY growth: -3.4% vs prior quarter YoY: +55.7% (decel: -59.1%)",
      "severity": "WARNING"
    },
    {
      "quarter": "2022-03 (Q1)",
      "signal": "INCREMENTAL MARGIN (YoY)",
      "detail": "YoY Incr OPM: +96.6% vs year-ago OPM: +28.3%",
      "severity": "HIGH"
    },
    {
      "quarter": "2021-12 (Q4)",
      "signal": "OPERATING LEVERAGE",
      "detail": "Rev growth +31.6% vs OpEx growth +9.4% (leverage: 3.3x)",
      "severity": "MEDIUM"
    },
    {
      "quarter": "2021-12 (Q4)",
      "signal": "INCREMENTAL MARGIN (YoY)",
      "detail": "YoY Incr OPM: +36.0% vs year-ago OPM: +24.8%",
      "severity": "MEDIUM"
    }
  ],
  "data_quality": {
    "n_quarters": 20,
    "coverage": {
      "revenue": [
        20,
        20
      ],
      "gross_profit": [
        0,
        20
      ],
      "op_income": [
        20,
        20
      ],
      "fcf": [
        20,
        20
      ]
    },
    "gaps": [],
    "warnings": [
      "gross_profit: no data"
    ]
  },
  "market_cap": null,
  "source": "SEC EDGAR",
  "last_updated": "2026-02-02T19:53:21.882737"
}