{
  "ticker": "WMK",
  "name": "WEIS MARKETS,\u00a0INC",
  "quarters": [
    {
      "date": "2020-12-26T00:00:00",
      "quarter_label": "2020-12 (Q4)",
      "revenue": 1025690000,
      "gross_profit": 269066000,
      "operating_income": 26942000,
      "net_income": 19420000,
      "opex": 242124000,
      "cogs": null,
      "rd": null,
      "sga": null,
      "fcf": 36392000,
      "ocf": 83809000,
      "capex": -47417000,
      "gross_margin": 0.26232682389415907,
      "op_margin": 0.02626719574140335,
      "fcf_margin": 0.03548050580584777
    },
    {
      "date": "2021-03-27T00:00:00",
      "quarter_label": "2021-03 (Q1)",
      "revenue": 1006340000,
      "gross_profit": 267390000,
      "operating_income": 31834000,
      "net_income": 24255000,
      "opex": 235556000,
      "cogs": null,
      "rd": null,
      "sga": null,
      "fcf": -22106000,
      "ocf": 14937000,
      "capex": -37043000,
      "gross_margin": 0.2657054275890852,
      "op_margin": 0.03163344396526025,
      "fcf_margin": -0.021966730925929608,
      "fcf_margin_change": -0.05744723673177738
    },
    {
      "date": "2021-06-26T00:00:00",
      "quarter_label": "2021-06 (Q2)",
      "revenue": 1047349000,
      "gross_profit": 281192000,
      "operating_income": 45559000,
      "net_income": 33472000,
      "opex": 235633000,
      "cogs": null,
      "rd": null,
      "sga": null,
      "fcf": 44200000,
      "ocf": 84907000,
      "capex": -40707000,
      "gross_margin": 0.26847975221249076,
      "op_margin": 0.043499349309542475,
      "fcf_margin": 0.042201787560784416,
      "op_leverage_ratio": Infinity,
      "fcf_margin_change": 0.06416851848671402
    },
    {
      "date": "2021-09-25T00:00:00",
      "quarter_label": "2021-09 (Q3)",
      "revenue": 1063452000,
      "gross_profit": 283132000,
      "operating_income": 38968000,
      "net_income": 28507000,
      "opex": 244164000,
      "cogs": null,
      "rd": null,
      "sga": null,
      "fcf": 41855000,
      "ocf": 82261000,
      "capex": -40406000,
      "gross_margin": 0.2662386266610999,
      "op_margin": 0.03664293263823849,
      "fcf_margin": 0.03935767669814905,
      "op_leverage_ratio": 0.424669959904604,
      "fcf_margin_change": -0.0028441108626353698
    },
    {
      "date": "2021-12-25T00:00:00",
      "quarter_label": "2021-12 (Q4)",
      "revenue": 1107276000,
      "gross_profit": 283994000,
      "operating_income": 30351000,
      "net_income": 22615000,
      "opex": 253643000,
      "cogs": null,
      "rd": null,
      "sga": null,
      "fcf": 11960000,
      "ocf": 45604000,
      "capex": -33644000,
      "gross_margin": 0.25647986590515826,
      "op_margin": 0.027410510116718866,
      "fcf_margin": 0.010801281703929282,
      "incr_op_margin_yoy": 0.04178412963008359,
      "rev_growth_yoy": 0.07954255184314948,
      "op_leverage_ratio": 1.061483457628218,
      "fcf_margin_change": -0.028556394994219764
    },
    {
      "date": "2022-03-26T00:00:00",
      "quarter_label": "2022-03 (Q1)",
      "revenue": 1104069000,
      "gross_profit": 293685000,
      "operating_income": 41414000,
      "net_income": 31389000,
      "opex": 252271000,
      "cogs": null,
      "rd": null,
      "sga": null,
      "fcf": 15687000,
      "ocf": 34480000,
      "capex": -18793000,
      "gross_margin": 0.2660023965893436,
      "op_margin": 0.03751033676337258,
      "fcf_margin": 0.014208351108490502,
      "incr_op_margin_yoy": 0.09802617442110326,
      "rev_growth_yoy": 0.0971133016674285,
      "rev_growth_yoy_accel": 0.017570749824279017,
      "fcf_margin_change": 0.00340706940456122
    },
    {
      "date": "2022-06-25T00:00:00",
      "quarter_label": "2022-06 (Q2)",
      "revenue": 1135234000,
      "gross_profit": 292214000,
      "operating_income": 48405000,
      "net_income": 36266000,
      "opex": 243809000,
      "cogs": null,
      "rd": null,
      "sga": null,
      "fcf": 15263000,
      "ocf": 49913000,
      "capex": -34650000,
      "gross_margin": 0.25740420036750133,
      "op_margin": 0.04263878636474947,
      "fcf_margin": 0.013444805211965111,
      "incr_op_margin_yoy": 0.03238322808215281,
      "rev_growth_yoy": 0.08391185746107553,
      "rev_growth_yoy_accel": -0.013201444206352969,
      "op_leverage_ratio": Infinity,
      "fcf_margin_change": -0.0007635458965253913
    },
    {
      "date": "2022-09-24T00:00:00",
      "quarter_label": "2022-09 (Q3)",
      "revenue": 1150551000,
      "gross_profit": 287643000,
      "operating_income": 33658000,
      "net_income": 28658000,
      "opex": 253985000,
      "cogs": null,
      "rd": null,
      "sga": null,
      "fcf": 28026000,
      "ocf": 57918000,
      "capex": -29892000,
      "gross_margin": 0.25000456303110424,
      "op_margin": 0.02925380969639764,
      "fcf_margin": 0.02435876375753878,
      "incr_op_margin_yoy": -0.060965108669445114,
      "rev_growth_yoy": 0.08190214508976427,
      "rev_growth_yoy_accel": -0.0020097123713112564,
      "op_leverage_ratio": 0.32326669086872545,
      "fcf_margin_change": 0.01091395854557367
    },
    {
      "date": "2022-12-31T00:00:00",
      "quarter_label": "2022-12 (Q4)",
      "revenue": 1324133000,
      "gross_profit": 308372000,
      "operating_income": 33576000,
      "net_income": 28883000,
      "opex": 274796000,
      "cogs": null,
      "rd": null,
      "sga": null,
      "fcf": 36879000,
      "ocf": 75713000,
      "capex": -38834000,
      "gross_margin": 0.23288597142432066,
      "op_margin": 0.02535696942829761,
      "fcf_margin": 0.027851431842571706,
      "incr_op_margin_yoy": 0.014871551298782147,
      "rev_growth_yoy": 0.1958472864940629,
      "rev_growth_yoy_accel": 0.11394514140429864,
      "op_leverage_ratio": 1.8412549740687636,
      "fcf_margin_change": 0.003492668085032926
    },
    {
      "date": "2023-04-01T00:00:00",
      "quarter_label": "2023-04 (Q2)",
      "revenue": 1144974000,
      "gross_profit": 285789000,
      "operating_income": 32618000,
      "net_income": 25814000,
      "opex": 253171000,
      "cogs": null,
      "rd": null,
      "sga": null,
      "fcf": -9787000,
      "ocf": 7944000,
      "capex": -17731000,
      "gross_margin": 0.2496030477547962,
      "op_margin": 0.028487983133241454,
      "fcf_margin": -0.008547792351616719,
      "incr_op_margin_yoy": -0.21503483681701505,
      "rev_growth_yoy": 0.03704931485260432,
      "rev_growth_yoy_accel": -0.1587979716414586,
      "fcf_margin_change": -0.03639922419418842
    },
    {
      "date": "2023-07-01T00:00:00",
      "quarter_label": "2023-07 (Q3)",
      "revenue": 1178695000,
      "gross_profit": 299045000,
      "operating_income": 45623000,
      "net_income": 34265000,
      "opex": 253422000,
      "cogs": null,
      "rd": null,
      "sga": null,
      "fcf": 40271000,
      "ocf": 72486000,
      "capex": -32215000,
      "gross_margin": 0.2537085505580324,
      "op_margin": 0.03870636593860159,
      "fcf_margin": 0.03416575110609615,
      "incr_op_margin_yoy": -0.06401141253077472,
      "rev_growth_yoy": 0.03828373709737376,
      "rev_growth_yoy_accel": 0.0012344222447694397,
      "op_leverage_ratio": Infinity,
      "fcf_margin_change": 0.04271354345771287
    },
    {
      "date": "2023-09-30T00:00:00",
      "quarter_label": "2023-09 (Q3)",
      "revenue": 1160306000,
      "gross_profit": 285723000,
      "operating_income": 29673000,
      "net_income": 23226000,
      "opex": 256050000,
      "cogs": null,
      "rd": null,
      "sga": null,
      "fcf": -63004000,
      "ocf": -37305000,
      "capex": -25699000,
      "gross_margin": 0.2462479725175945,
      "op_margin": 0.025573426320298267,
      "fcf_margin": -0.054299469277931854,
      "incr_op_margin_yoy": -0.40850845720143514,
      "rev_growth_yoy": 0.008478546366045486,
      "rev_growth_yoy_accel": -0.029805190731328274,
      "fcf_margin_change": -0.088465220384028
    },
    {
      "date": "2023-12-30T00:00:00",
      "quarter_label": "2023-12 (Q4)",
      "revenue": 1230598000,
      "gross_profit": 291383000,
      "operating_income": 29272000,
      "net_income": 20523000,
      "opex": 262111000,
      "cogs": null,
      "rd": null,
      "sga": null,
      "fcf": 130112000,
      "ocf": 158477000,
      "capex": -28365000,
      "gross_margin": 0.23678162974423816,
      "op_margin": 0.023786809339849408,
      "fcf_margin": 0.10573070978499884,
      "incr_op_margin_yoy": 0.04601486074731384,
      "rev_growth_yoy": -0.07063867451381395,
      "rev_growth_yoy_accel": -0.07911722087985944,
      "op_leverage_ratio": 2.559256756525383,
      "fcf_margin_change": 0.16003017906293068
    },
    {
      "date": "2024-03-30T00:00:00",
      "quarter_label": "2024-03 (Q1)",
      "revenue": 1182205000,
      "gross_profit": 290974000,
      "operating_income": 27364000,
      "net_income": 23165000,
      "opex": 263610000,
      "cogs": null,
      "rd": null,
      "sga": null,
      "fcf": -1291000,
      "ocf": 34239000,
      "capex": -35530000,
      "gross_margin": 0.2461282095744816,
      "op_margin": 0.023146577793191535,
      "fcf_margin": -0.0010920271864862693,
      "incr_op_margin_yoy": -0.14111896000644625,
      "rev_growth_yoy": 0.032516895580161645,
      "rev_growth_yoy_accel": 0.1031555700939756,
      "fcf_margin_change": -0.1068227369714851
    },
    {
      "date": "2024-06-29T00:00:00",
      "quarter_label": "2024-06 (Q2)",
      "revenue": 1185719000,
      "gross_profit": 294761000,
      "operating_income": 32489000,
      "net_income": 26259000,
      "opex": 262272000,
      "cogs": null,
      "rd": null,
      "sga": null,
      "fcf": 10183000,
      "ocf": 40259000,
      "capex": -30076000,
      "gross_margin": 0.2485926260775108,
      "op_margin": 0.02740025250502016,
      "fcf_margin": 0.008588038143944729,
      "incr_op_margin_yoy": -1.869874715261959,
      "rev_growth_yoy": 0.00595913276971566,
      "rev_growth_yoy_accel": -0.026557762810445987,
      "fcf_margin_change": 0.009680065330430998
    },
    {
      "date": "2024-09-28T00:00:00",
      "quarter_label": "2024-09 (Q3)",
      "revenue": 1190107000,
      "gross_profit": 291140000,
      "operating_income": 29558000,
      "net_income": 25840000,
      "opex": 261582000,
      "cogs": null,
      "rd": null,
      "sga": null,
      "fcf": -16500000,
      "ocf": 25826000,
      "capex": -42326000,
      "gross_margin": 0.2446334657303923,
      "op_margin": 0.024836422271274767,
      "fcf_margin": -0.013864299596590895,
      "incr_op_margin_yoy": -0.00385893090835878,
      "rev_growth_yoy": 0.025683742047356472,
      "rev_growth_yoy_accel": 0.01972460927764081,
      "fcf_margin_change": -0.02245233774053562
    },
    {
      "date": "2024-12-28T00:00:00",
      "quarter_label": "2024-12 (Q4)",
      "revenue": 1232953000,
      "gross_profit": 327205000,
      "operating_income": 42306000,
      "net_income": 34678000,
      "opex": 284899000,
      "cogs": null,
      "rd": null,
      "sga": null,
      "fcf": 33726000,
      "ocf": 87143000,
      "capex": -53417000,
      "gross_margin": 0.2653831897890674,
      "op_margin": 0.034312743470351265,
      "fcf_margin": 0.02735384073845475,
      "incr_op_margin_yoy": 5.534607218683652,
      "rev_growth_yoy": 0.0019137037440333886,
      "rev_growth_yoy_accel": -0.023770038303323082,
      "op_leverage_ratio": 0.4038866116588476,
      "fcf_margin_change": 0.041218140335045644
    },
    {
      "date": "2025-03-29T00:00:00",
      "quarter_label": "2025-03 (Q1)",
      "revenue": 1200776000,
      "gross_profit": 299502000,
      "operating_income": 23036000,
      "net_income": 20478000,
      "opex": 276466000,
      "cogs": null,
      "rd": null,
      "sga": null,
      "fcf": -28324000,
      "ocf": 4856000,
      "capex": -33180000,
      "gross_margin": 0.2494237060034511,
      "op_margin": 0.01918426084465379,
      "fcf_margin": -0.0235880797084552,
      "incr_op_margin_yoy": -0.23305153195842981,
      "rev_growth_yoy": 0.01570878147191054,
      "rev_growth_yoy_accel": 0.013795077727877152,
      "fcf_margin_change": -0.05094192044690995
    },
    {
      "date": "2025-06-28T00:00:00",
      "quarter_label": "2025-06 (Q2)",
      "revenue": 1218796000,
      "gross_profit": 308365000,
      "operating_income": 31937000,
      "net_income": 26526000,
      "opex": 276428000,
      "cogs": null,
      "rd": null,
      "sga": null,
      "fcf": 1395000,
      "ocf": 56561000,
      "capex": -55166000,
      "gross_margin": 0.253007886471567,
      "op_margin": 0.026203728925923618,
      "fcf_margin": 0.0011445721843524265,
      "incr_op_margin_yoy": -0.016688333282945854,
      "rev_growth_yoy": 0.02789615414782086,
      "rev_growth_yoy_accel": 0.01218737267591032,
      "op_leverage_ratio": Infinity,
      "fcf_margin_change": 0.024732651892807624
    },
    {
      "date": "2025-09-27T00:00:00",
      "quarter_label": "2025-09 (Q3)",
      "revenue": 1242307000,
      "gross_profit": 308688000,
      "operating_income": 22375000,
      "net_income": 18233000,
      "opex": 286313000,
      "cogs": null,
      "rd": null,
      "sga": null,
      "fcf": -4676000,
      "ocf": 59195000,
      "capex": -63871000,
      "gross_margin": 0.2484796431155906,
      "op_margin": 0.01801084595031663,
      "fcf_margin": -0.003763964945862818,
      "incr_op_margin_yoy": -0.13760536398467432,
      "rev_growth_yoy": 0.04386160236012392,
      "rev_growth_yoy_accel": 0.015965448212303064,
      "op_leverage_ratio": 0.539442847552415,
      "fcf_margin_change": -0.004908537130215244
    }
  ],
  "signals": [
    {
      "quarter": "2025-06 (Q2)",
      "signal": "FCF TURNED POSITIVE",
      "detail": "FCF margin: -2.4% -> +0.1%",
      "severity": "HIGH"
    },
    {
      "quarter": "2024-12 (Q4)",
      "signal": "FCF TURNED POSITIVE",
      "detail": "FCF margin: -1.4% -> +2.7%",
      "severity": "HIGH"
    },
    {
      "quarter": "2024-12 (Q4)",
      "signal": "GROSS MARGIN INFLECTION",
      "detail": "GM: +24.9% -> +24.5% -> +26.5% (reversal +2.1%)",
      "severity": "MEDIUM"
    },
    {
      "quarter": "2024-12 (Q4)",
      "signal": "INCREMENTAL MARGIN (YoY)",
      "detail": "YoY Incr OPM: +553.5% vs year-ago OPM: +2.4%",
      "severity": "HIGH"
    },
    {
      "quarter": "2024-06 (Q2)",
      "signal": "FCF TURNED POSITIVE",
      "detail": "FCF margin: -0.1% -> +0.9%",
      "severity": "HIGH"
    },
    {
      "quarter": "2024-03 (Q1)",
      "signal": "YoY REVENUE GROWTH ACCELERATION",
      "detail": "YoY growth: +3.3% vs prior quarter YoY: -7.1% (accel: +10.3%)",
      "severity": "MEDIUM"
    },
    {
      "quarter": "2023-12 (Q4)",
      "signal": "FCF TURNED POSITIVE",
      "detail": "FCF margin: -5.4% -> +10.6%",
      "severity": "HIGH"
    },
    {
      "quarter": "2023-12 (Q4)",
      "signal": "OPERATING LEVERAGE",
      "detail": "Rev growth +6.1% vs OpEx growth +2.4% (leverage: 2.6x)",
      "severity": "MEDIUM"
    },
    {
      "quarter": "2023-12 (Q4)",
      "signal": "YoY REVENUE GROWTH DECELERATION",
      "detail": "YoY growth: -7.1% vs prior quarter YoY: +0.8% (decel: -7.9%)",
      "severity": "WARNING"
    },
    {
      "quarter": "2023-07 (Q3)",
      "signal": "FCF TURNED POSITIVE",
      "detail": "FCF margin: -0.9% -> +3.4%",
      "severity": "HIGH"
    },
    {
      "quarter": "2023-07 (Q3)",
      "signal": "OPERATING LEVERAGE",
      "detail": "Rev growth +2.9% vs OpEx growth +0.1% (leverage: 29.7x)",
      "severity": "MEDIUM"
    },
    {
      "quarter": "2023-04 (Q2)",
      "signal": "YoY REVENUE GROWTH DECELERATION",
      "detail": "YoY growth: +3.7% vs prior quarter YoY: +19.6% (decel: -15.9%)",
      "severity": "WARNING"
    },
    {
      "quarter": "2022-12 (Q4)",
      "signal": "OPERATING LEVERAGE",
      "detail": "Rev growth +15.1% vs OpEx growth +8.2% (leverage: 1.8x)",
      "severity": "MEDIUM"
    },
    {
      "quarter": "2022-12 (Q4)",
      "signal": "YoY REVENUE GROWTH ACCELERATION",
      "detail": "YoY growth: +19.6% vs prior quarter YoY: +8.2% (accel: +11.4%)",
      "severity": "MEDIUM"
    },
    {
      "quarter": "2021-06 (Q2)",
      "signal": "FCF TURNED POSITIVE",
      "detail": "FCF margin: -2.2% -> +4.2%",
      "severity": "HIGH"
    },
    {
      "quarter": "2021-06 (Q2)",
      "signal": "OPERATING LEVERAGE",
      "detail": "Rev growth +4.1% vs OpEx growth +0.0% (leverage: 124.7x)",
      "severity": "MEDIUM"
    }
  ],
  "data_quality": {
    "n_quarters": 20,
    "coverage": {
      "revenue": [
        20,
        20
      ],
      "gross_profit": [
        20,
        20
      ],
      "op_income": [
        20,
        20
      ],
      "fcf": [
        20,
        20
      ]
    },
    "gaps": [],
    "warnings": []
  },
  "market_cap": null,
  "source": "SEC EDGAR",
  "last_updated": "2026-02-02T21:42:39.083884"
}