{
  "ticker": "WMS",
  "name": "ADVANCED DRAINAGE SYSTEMS, INC.",
  "quarters": [
    {
      "date": "2020-12-31T00:00:00",
      "quarter_label": "2020-12 (Q4)",
      "revenue": 486145000,
      "gross_profit": 168505000,
      "operating_income": 82963000,
      "net_income": 53774000,
      "opex": 85542000,
      "cogs": null,
      "rd": null,
      "sga": null,
      "fcf": 133892000,
      "ocf": 162608000,
      "capex": -28716000,
      "gross_margin": 0.3466146931471063,
      "op_margin": 0.17065484577646586,
      "fcf_margin": 0.2754157710148207
    },
    {
      "date": "2021-03-31T00:00:00",
      "quarter_label": "2021-03 (Q1)",
      "revenue": 443809000,
      "gross_profit": 127217000,
      "operating_income": 32890000,
      "net_income": 19754000,
      "opex": 94327000,
      "cogs": null,
      "rd": null,
      "sga": null,
      "fcf": -17642000,
      "ocf": 3440000,
      "capex": -21082000,
      "gross_margin": 0.28664808509967127,
      "op_margin": 0.07410845656577492,
      "fcf_margin": -0.039751334470459136,
      "fcf_margin_change": -0.3151671054852798
    },
    {
      "date": "2021-06-30T00:00:00",
      "quarter_label": "2021-06 (Q2)",
      "revenue": 669300000,
      "gross_profit": 201121000,
      "operating_income": 109266000,
      "net_income": 75987000,
      "opex": 91855000,
      "cogs": null,
      "rd": null,
      "sga": 76221000,
      "fcf": 78802000,
      "ocf": 104348000,
      "capex": -25546000,
      "gross_margin": 0.3004945465411624,
      "op_margin": 0.16325414612281489,
      "fcf_margin": 0.11773793515613327,
      "op_leverage_ratio": Infinity,
      "fcf_margin_change": 0.1574892696265924
    },
    {
      "date": "2021-09-30T00:00:00",
      "quarter_label": "2021-09 (Q3)",
      "revenue": 706471000,
      "gross_profit": 200057000,
      "operating_income": 111561000,
      "net_income": 75359000,
      "opex": 88496000,
      "cogs": null,
      "rd": null,
      "sga": null,
      "fcf": -47688000,
      "ocf": -9470000,
      "capex": -38218000,
      "gross_margin": 0.2831779365324267,
      "op_margin": 0.15791306366432592,
      "fcf_margin": -0.06750170919966991,
      "op_leverage_ratio": Infinity,
      "fcf_margin_change": -0.1852396443558032
    },
    {
      "date": "2021-12-31T00:00:00",
      "quarter_label": "2021-12 (Q4)",
      "revenue": 715357000,
      "gross_profit": 208977000,
      "operating_income": 110314000,
      "net_income": 73678000,
      "opex": 98663000,
      "cogs": null,
      "rd": null,
      "sga": null,
      "fcf": 62366000,
      "ocf": 98969000,
      "capex": -36603000,
      "gross_margin": 0.29212966393003775,
      "op_margin": 0.1542083183641175,
      "fcf_margin": 0.08718164496887568,
      "incr_op_margin_yoy": 0.11932621328726245,
      "rev_growth_yoy": 0.47148895905542587,
      "op_leverage_ratio": 0.10948201635742531,
      "fcf_margin_change": 0.1546833541685456
    },
    {
      "date": "2022-03-31T00:00:00",
      "quarter_label": "2022-03 (Q1)",
      "revenue": 678187000,
      "gross_profit": 190229000,
      "operating_income": 80777000,
      "net_income": 46307000,
      "opex": 109452000,
      "cogs": null,
      "rd": null,
      "sga": null,
      "fcf": 32325000,
      "ocf": 81041000,
      "capex": -48716000,
      "gross_margin": 0.2804963822662481,
      "op_margin": 0.11910726687477052,
      "fcf_margin": 0.04766384492772642,
      "incr_op_margin_yoy": 0.20431525143144835,
      "rev_growth_yoy": 0.5281055589228699,
      "rev_growth_yoy_accel": 0.05661659986744405,
      "fcf_margin_change": -0.039517800041149256
    },
    {
      "date": "2022-06-30T00:00:00",
      "quarter_label": "2022-06 (Q2)",
      "revenue": 914186000,
      "gross_profit": 352107000,
      "operating_income": 251607000,
      "net_income": 187146000,
      "opex": 100500000,
      "cogs": null,
      "rd": null,
      "sga": null,
      "fcf": 213576000,
      "ocf": 249765000,
      "capex": -36189000,
      "gross_margin": 0.3851590376575445,
      "op_margin": 0.2752251729954298,
      "fcf_margin": 0.2336242296425454,
      "incr_op_margin_yoy": 0.5812541345769052,
      "rev_growth_yoy": 0.3658837591513522,
      "rev_growth_yoy_accel": -0.16222179977151774,
      "op_leverage_ratio": Infinity,
      "fcf_margin_change": 0.18596038471481896
    },
    {
      "date": "2022-09-30T00:00:00",
      "quarter_label": "2022-09 (Q3)",
      "revenue": 884209000,
      "gross_profit": 319963000,
      "operating_income": 217585000,
      "net_income": 152007000,
      "opex": 102378000,
      "cogs": null,
      "rd": null,
      "sga": null,
      "fcf": 147903000,
      "ocf": 187259000,
      "capex": -39356000,
      "gross_margin": 0.3618635413120654,
      "op_margin": 0.2460786985882297,
      "fcf_margin": 0.1672715387425371,
      "incr_op_margin_yoy": 0.596518471007888,
      "rev_growth_yoy": 0.2515856984929318,
      "rev_growth_yoy_accel": -0.11429806065842041,
      "fcf_margin_change": -0.06635269090000828
    },
    {
      "date": "2022-12-31T00:00:00",
      "quarter_label": "2022-12 (Q4)",
      "revenue": 655167000,
      "gross_profit": 223917000,
      "operating_income": 124487000,
      "net_income": 82040000,
      "opex": 99430000,
      "cogs": null,
      "rd": null,
      "sga": null,
      "fcf": 172101000,
      "ocf": 223414000,
      "capex": -51313000,
      "gross_margin": 0.34177087673829726,
      "op_margin": 0.1900080437506773,
      "fcf_margin": 0.26268264427237636,
      "incr_op_margin_yoy": -0.2354710084731683,
      "rev_growth_yoy": -0.0841398071172855,
      "rev_growth_yoy_accel": -0.3357255056102173,
      "fcf_margin_change": 0.09541110552983925
    },
    {
      "date": "2023-03-31T00:00:00",
      "quarter_label": "2023-03 (Q1)",
      "revenue": 617559000,
      "gross_profit": 222421000,
      "operating_income": 125631000,
      "net_income": 85893000,
      "opex": 96790000,
      "cogs": null,
      "rd": null,
      "sga": null,
      "fcf": 7317000,
      "ocf": 47372000,
      "capex": -40055000,
      "gross_margin": 0.36016153922135374,
      "op_margin": 0.20343157495882985,
      "fcf_margin": 0.011848260652018673,
      "incr_op_margin_yoy": -0.7398231840073893,
      "rev_growth_yoy": -0.0893971721663789,
      "rev_growth_yoy_accel": -0.005257365049093396,
      "fcf_margin_change": -0.2508343836203577
    },
    {
      "date": "2023-06-30T00:00:00",
      "quarter_label": "2023-06 (Q2)",
      "revenue": 778046000,
      "gross_profit": 331460000,
      "operating_income": 245451000,
      "net_income": 173652000,
      "opex": 86009000,
      "cogs": null,
      "rd": null,
      "sga": null,
      "fcf": 201889000,
      "ocf": 243967000,
      "capex": -42078000,
      "gross_margin": 0.4260159425021143,
      "op_margin": 0.3154710646928331,
      "fcf_margin": 0.2594820871773648,
      "incr_op_margin_yoy": 0.045218157778757165,
      "rev_growth_yoy": -0.14891936651841092,
      "rev_growth_yoy_accel": -0.05952219435203203,
      "op_leverage_ratio": Infinity,
      "fcf_margin_change": 0.24763382652534616
    },
    {
      "date": "2023-09-30T00:00:00",
      "quarter_label": "2023-09 (Q3)",
      "revenue": 780220000,
      "gross_profit": 302677000,
      "operating_income": 198037000,
      "net_income": 135802000,
      "opex": 104640000,
      "cogs": null,
      "rd": null,
      "sga": null,
      "fcf": 174350000,
      "ocf": 214897000,
      "capex": -40547000,
      "gross_margin": 0.3879380174822486,
      "op_margin": 0.2538219989233806,
      "fcf_margin": 0.22346261310912308,
      "incr_op_margin_yoy": 0.18798142111184837,
      "rev_growth_yoy": -0.11760681015461277,
      "rev_growth_yoy_accel": 0.03131255636379815,
      "fcf_margin_change": -0.03601947406824174
    },
    {
      "date": "2023-12-31T00:00:00",
      "quarter_label": "2023-12 (Q4)",
      "revenue": 662367000,
      "gross_profit": 259849000,
      "operating_income": 153266000,
      "net_income": 105639000,
      "opex": 106583000,
      "cogs": null,
      "rd": null,
      "sga": null,
      "fcf": 187638000,
      "ocf": 241398000,
      "capex": -53760000,
      "gross_margin": 0.39230366247110743,
      "op_margin": 0.23139135856707838,
      "fcf_margin": 0.28328404041868027,
      "incr_op_margin_yoy": 3.9970833333333333,
      "rev_growth_yoy": 0.010989564492717124,
      "rev_growth_yoy_accel": 0.1285963746473299,
      "fcf_margin_change": 0.059821427309557196
    },
    {
      "date": "2024-03-31T00:00:00",
      "quarter_label": "2024-03 (Q1)",
      "revenue": 653840000,
      "gross_profit": 251963000,
      "operating_income": 135377000,
      "net_income": 94822000,
      "opex": 116586000,
      "cogs": null,
      "rd": null,
      "sga": null,
      "fcf": -29761000,
      "ocf": 17666000,
      "capex": -47427000,
      "gross_margin": 0.385358803376973,
      "op_margin": 0.20704912516823687,
      "fcf_margin": -0.04551725192707696,
      "incr_op_margin_yoy": 0.26862545133816595,
      "rev_growth_yoy": 0.05874904260159758,
      "rev_growth_yoy_accel": 0.047759478108880454,
      "fcf_margin_change": -0.3288012923457572
    },
    {
      "date": "2024-06-30T00:00:00",
      "quarter_label": "2024-06 (Q2)",
      "revenue": 815336000,
      "gross_profit": 332454000,
      "operating_income": 226215000,
      "net_income": 161402000,
      "opex": 106239000,
      "cogs": null,
      "rd": null,
      "sga": null,
      "fcf": 125711000,
      "ocf": 183426000,
      "capex": -57715000,
      "gross_margin": 0.4077509149602127,
      "op_margin": 0.27745003286988434,
      "fcf_margin": 0.15418306072588478,
      "incr_op_margin_yoy": -0.5158487530168946,
      "rev_growth_yoy": 0.047927757484775964,
      "rev_growth_yoy_accel": -0.010821285116821615,
      "op_leverage_ratio": Infinity,
      "fcf_margin_change": 0.19970031265296173
    },
    {
      "date": "2024-09-30T00:00:00",
      "quarter_label": "2024-09 (Q3)",
      "revenue": 782610000,
      "gross_profit": 293941000,
      "operating_income": 187376000,
      "net_income": 130382000,
      "opex": 106565000,
      "cogs": null,
      "rd": null,
      "sga": null,
      "fcf": 112433000,
      "ocf": 166900000,
      "capex": -54467000,
      "gross_margin": 0.3755906517933581,
      "op_margin": 0.23942448984807246,
      "fcf_margin": 0.1436641494486398,
      "incr_op_margin_yoy": -4.460669456066945,
      "rev_growth_yoy": 0.003063238573735613,
      "rev_growth_yoy_accel": -0.04486451891104035,
      "fcf_margin_change": -0.010518911277244969
    },
    {
      "date": "2024-12-31T00:00:00",
      "quarter_label": "2024-12 (Q4)",
      "revenue": 690538000,
      "gross_profit": 241594000,
      "operating_income": 126864000,
      "net_income": 81231000,
      "opex": 114730000,
      "cogs": null,
      "rd": null,
      "sga": null,
      "fcf": 135710000,
      "ocf": 189938000,
      "capex": -54228000,
      "gross_margin": 0.34986343981069834,
      "op_margin": 0.1837176230707072,
      "fcf_margin": 0.1965279246037148,
      "incr_op_margin_yoy": -0.9372049270526428,
      "rev_growth_yoy": 0.042530802410144224,
      "rev_growth_yoy_accel": 0.03946756383640861,
      "fcf_margin_change": 0.05286377515507498
    },
    {
      "date": "2025-03-31T00:00:00",
      "quarter_label": "2025-03 (Q1)",
      "revenue": 615761000,
      "gross_profit": 226252000,
      "operating_income": 116981000,
      "net_income": 77157000,
      "opex": 109271000,
      "cogs": null,
      "rd": null,
      "sga": null,
      "fcf": -5307000,
      "ocf": 41227000,
      "capex": -46534000,
      "gross_margin": 0.36743476771019923,
      "op_margin": 0.18997792974871744,
      "fcf_margin": -0.008618603646544681,
      "incr_op_margin_yoy": 0.4831009217679036,
      "rev_growth_yoy": -0.05823901872017619,
      "rev_growth_yoy_accel": -0.10076982113032042,
      "fcf_margin_change": -0.20514652825025947
    },
    {
      "date": "2025-06-30T00:00:00",
      "quarter_label": "2025-06 (Q2)",
      "revenue": 829880000,
      "gross_profit": 330438000,
      "operating_income": 205746000,
      "net_income": 143922000,
      "opex": 124692000,
      "cogs": null,
      "rd": null,
      "sga": null,
      "fcf": 222379000,
      "ocf": 274977000,
      "capex": -52598000,
      "gross_margin": 0.3981756398515448,
      "op_margin": 0.24792259121800742,
      "fcf_margin": 0.26796524798766086,
      "incr_op_margin_yoy": -1.407384488448845,
      "rev_growth_yoy": 0.01783804468341886,
      "rev_growth_yoy_accel": 0.07607706340359505,
      "op_leverage_ratio": 2.463969955740518,
      "fcf_margin_change": 0.2765838516342055
    },
    {
      "date": "2025-09-30T00:00:00",
      "quarter_label": "2025-09 (Q3)",
      "revenue": 850381000,
      "gross_profit": 340132000,
      "operating_income": 223295000,
      "net_income": 156017000,
      "opex": 116837000,
      "cogs": null,
      "rd": null,
      "sga": null,
      "fcf": 176446000,
      "ocf": 234866000,
      "capex": -58420000,
      "gross_margin": 0.39997601075282724,
      "op_margin": 0.26258230134492655,
      "fcf_margin": 0.2074905248353385,
      "incr_op_margin_yoy": 0.5300054595623497,
      "rev_growth_yoy": 0.0865961334508887,
      "rev_growth_yoy_accel": 0.06875808876746983,
      "op_leverage_ratio": Infinity,
      "fcf_margin_change": -0.06047472315232236
    }
  ],
  "signals": [
    {
      "quarter": "2025-09 (Q3)",
      "signal": "YoY REVENUE GROWTH ACCELERATION",
      "detail": "YoY growth: +8.7% vs prior quarter YoY: +1.8% (accel: +6.9%)",
      "severity": "MEDIUM"
    },
    {
      "quarter": "2025-09 (Q3)",
      "signal": "INCREMENTAL MARGIN (YoY)",
      "detail": "YoY Incr OPM: +53.0% vs year-ago OPM: +23.9%",
      "severity": "HIGH"
    },
    {
      "quarter": "2025-06 (Q2)",
      "signal": "FCF TURNED POSITIVE",
      "detail": "FCF margin: -0.9% -> +26.8%",
      "severity": "HIGH"
    },
    {
      "quarter": "2025-06 (Q2)",
      "signal": "OPERATING LEVERAGE",
      "detail": "Rev growth +34.8% vs OpEx growth +14.1% (leverage: 2.5x)",
      "severity": "MEDIUM"
    },
    {
      "quarter": "2025-06 (Q2)",
      "signal": "YoY REVENUE GROWTH ACCELERATION",
      "detail": "YoY growth: +1.8% vs prior quarter YoY: -5.8% (accel: +7.6%)",
      "severity": "MEDIUM"
    },
    {
      "quarter": "2025-03 (Q1)",
      "signal": "YoY REVENUE GROWTH DECELERATION",
      "detail": "YoY growth: -5.8% vs prior quarter YoY: +4.3% (decel: -10.1%)",
      "severity": "WARNING"
    },
    {
      "quarter": "2025-03 (Q1)",
      "signal": "INCREMENTAL MARGIN (YoY)",
      "detail": "YoY Incr OPM: +48.3% vs year-ago OPM: +20.7%",
      "severity": "HIGH"
    },
    {
      "quarter": "2024-12 (Q4)",
      "signal": "FCF MARGIN EXPANSION",
      "detail": "FCF margin: +14.4% -> +19.7% (+5.3%)",
      "severity": "MEDIUM"
    },
    {
      "quarter": "2024-06 (Q2)",
      "signal": "FCF TURNED POSITIVE",
      "detail": "FCF margin: -4.6% -> +15.4%",
      "severity": "HIGH"
    },
    {
      "quarter": "2024-06 (Q2)",
      "signal": "GROSS MARGIN INFLECTION",
      "detail": "GM: +39.2% -> +38.5% -> +40.8% (reversal +2.2%)",
      "severity": "MEDIUM"
    },
    {
      "quarter": "2023-12 (Q4)",
      "signal": "FCF MARGIN EXPANSION",
      "detail": "FCF margin: +22.3% -> +28.3% (+6.0%)",
      "severity": "MEDIUM"
    },
    {
      "quarter": "2023-12 (Q4)",
      "signal": "YoY REVENUE GROWTH ACCELERATION",
      "detail": "YoY growth: +1.1% vs prior quarter YoY: -11.8% (accel: +12.9%)",
      "severity": "MEDIUM"
    },
    {
      "quarter": "2023-12 (Q4)",
      "signal": "INCREMENTAL MARGIN (YoY)",
      "detail": "YoY Incr OPM: +399.7% vs year-ago OPM: +19.0%",
      "severity": "HIGH"
    },
    {
      "quarter": "2023-06 (Q2)",
      "signal": "FCF MARGIN EXPANSION",
      "detail": "FCF margin: +1.2% -> +25.9% (+24.8%)",
      "severity": "MEDIUM"
    },
    {
      "quarter": "2023-06 (Q2)",
      "signal": "YoY REVENUE GROWTH DECELERATION",
      "detail": "YoY growth: -14.9% vs prior quarter YoY: -8.9% (decel: -6.0%)",
      "severity": "WARNING"
    },
    {
      "quarter": "2022-12 (Q4)",
      "signal": "FCF MARGIN EXPANSION",
      "detail": "FCF margin: +16.7% -> +26.3% (+9.5%)",
      "severity": "MEDIUM"
    },
    {
      "quarter": "2022-12 (Q4)",
      "signal": "YoY REVENUE GROWTH DECELERATION",
      "detail": "YoY growth: -8.4% vs prior quarter YoY: +25.2% (decel: -33.6%)",
      "severity": "WARNING"
    },
    {
      "quarter": "2022-09 (Q3)",
      "signal": "YoY REVENUE GROWTH DECELERATION",
      "detail": "YoY growth: +25.2% vs prior quarter YoY: +36.6% (decel: -11.4%)",
      "severity": "WARNING"
    },
    {
      "quarter": "2022-09 (Q3)",
      "signal": "INCREMENTAL MARGIN (YoY)",
      "detail": "YoY Incr OPM: +59.7% vs year-ago OPM: +15.8%",
      "severity": "HIGH"
    },
    {
      "quarter": "2022-06 (Q2)",
      "signal": "FCF MARGIN EXPANSION",
      "detail": "FCF margin: +4.8% -> +23.4% (+18.6%)",
      "severity": "MEDIUM"
    },
    {
      "quarter": "2022-06 (Q2)",
      "signal": "GROSS MARGIN INFLECTION",
      "detail": "GM: +29.2% -> +28.0% -> +38.5% (reversal +10.5%)",
      "severity": "HIGH"
    },
    {
      "quarter": "2022-06 (Q2)",
      "signal": "YoY REVENUE GROWTH DECELERATION",
      "detail": "YoY growth: +36.6% vs prior quarter YoY: +52.8% (decel: -16.2%)",
      "severity": "WARNING"
    },
    {
      "quarter": "2022-06 (Q2)",
      "signal": "INCREMENTAL MARGIN (YoY)",
      "detail": "YoY Incr OPM: +58.1% vs year-ago OPM: +16.3%",
      "severity": "HIGH"
    },
    {
      "quarter": "2022-03 (Q1)",
      "signal": "YoY REVENUE GROWTH ACCELERATION",
      "detail": "YoY growth: +52.8% vs prior quarter YoY: +47.1% (accel: +5.7%)",
      "severity": "MEDIUM"
    },
    {
      "quarter": "2022-03 (Q1)",
      "signal": "INCREMENTAL MARGIN (YoY)",
      "detail": "YoY Incr OPM: +20.4% vs year-ago OPM: +7.4%",
      "severity": "MEDIUM"
    },
    {
      "quarter": "2021-12 (Q4)",
      "signal": "FCF TURNED POSITIVE",
      "detail": "FCF margin: -6.8% -> +8.7%",
      "severity": "HIGH"
    },
    {
      "quarter": "2021-06 (Q2)",
      "signal": "FCF TURNED POSITIVE",
      "detail": "FCF margin: -4.0% -> +11.8%",
      "severity": "HIGH"
    }
  ],
  "data_quality": {
    "n_quarters": 20,
    "coverage": {
      "revenue": [
        20,
        20
      ],
      "gross_profit": [
        20,
        20
      ],
      "op_income": [
        20,
        20
      ],
      "fcf": [
        20,
        20
      ]
    },
    "gaps": [],
    "warnings": []
  },
  "market_cap": null,
  "source": "SEC EDGAR",
  "last_updated": "2026-02-02T20:33:19.926317"
}