{
  "ticker": "WMT",
  "name": "Walmart Inc.",
  "quarters": [
    {
      "date": "2021-01-31T00:00:00",
      "quarter_label": "2021-01 (Q1)",
      "revenue": 152079000000,
      "gross_profit": 36818000000,
      "operating_income": 5487000000,
      "net_income": -2091000000,
      "opex": 31331000000,
      "cogs": 115261000000,
      "rd": null,
      "sga": 31331000000,
      "fcf": 9368000000,
      "ocf": 13194000000,
      "capex": -3826000000,
      "gross_margin": 0.24209785703483058,
      "op_margin": 0.03607993214053223,
      "fcf_margin": 0.061599563384819735
    },
    {
      "date": "2021-04-30T00:00:00",
      "quarter_label": "2021-04 (Q2)",
      "revenue": 138310000000,
      "gross_profit": 35038000000,
      "operating_income": 6909000000,
      "net_income": 2730000000,
      "opex": 28129000000,
      "cogs": 103272000000,
      "rd": null,
      "sga": 28129000000,
      "fcf": 644000000,
      "ocf": 2858000000,
      "capex": -2214000000,
      "gross_margin": 0.2533294772612248,
      "op_margin": 0.049953004121177064,
      "fcf_margin": 0.004656207071072229,
      "fcf_margin_change": -0.05694335631374751
    },
    {
      "date": "2021-07-31T00:00:00",
      "quarter_label": "2021-07 (Q3)",
      "revenue": 141048000000,
      "gross_profit": 35865000000,
      "operating_income": 7354000000,
      "net_income": 4276000000,
      "opex": 28511000000,
      "cogs": 105183000000,
      "rd": null,
      "sga": 28511000000,
      "fcf": 6760000000,
      "ocf": 9565000000,
      "capex": -2805000000,
      "gross_margin": 0.25427514037774374,
      "op_margin": 0.052138279167375644,
      "fcf_margin": 0.047926946854971356,
      "op_leverage_ratio": 1.457708857218457,
      "fcf_margin_change": 0.04327073978389913
    },
    {
      "date": "2021-10-31T00:00:00",
      "quarter_label": "2021-10 (Q4)",
      "revenue": 140525000000,
      "gross_profit": 35502000000,
      "operating_income": 5792000000,
      "net_income": 3105000000,
      "opex": 29710000000,
      "cogs": 105023000000,
      "rd": null,
      "sga": 29710000000,
      "fcf": 299000000,
      "ocf": 3868000000,
      "capex": -3569000000,
      "gross_margin": 0.2526383205835261,
      "op_margin": 0.04121686532645437,
      "fcf_margin": 0.00212773527842021,
      "fcf_margin_change": -0.045799211576551146
    },
    {
      "date": "2022-01-31T00:00:00",
      "quarter_label": "2022-01 (Q1)",
      "revenue": 152871000000,
      "gross_profit": 37349000000,
      "operating_income": 5887000000,
      "net_income": 3562000000,
      "opex": 31462000000,
      "cogs": 115522000000,
      "rd": null,
      "sga": 31462000000,
      "fcf": 3372000000,
      "ocf": 7890000000,
      "capex": -4518000000,
      "gross_margin": 0.24431710396347248,
      "op_margin": 0.03850959305558281,
      "fcf_margin": 0.02205781345055635,
      "incr_op_margin_yoy": 0.5050505050505051,
      "rev_growth_yoy": 0.0052078196200658865,
      "op_leverage_ratio": 1.489845483221351,
      "fcf_margin_change": 0.019930078172136143
    },
    {
      "date": "2022-04-30T00:00:00",
      "quarter_label": "2022-04 (Q2)",
      "revenue": 141569000000,
      "gross_profit": 34722000000,
      "operating_income": 5318000000,
      "net_income": 2054000000,
      "opex": 29404000000,
      "cogs": 106847000000,
      "rd": null,
      "sga": 29404000000,
      "fcf": -7297000000,
      "ocf": -3758000000,
      "capex": -3539000000,
      "gross_margin": 0.24526555955046656,
      "op_margin": 0.037564721090069156,
      "fcf_margin": -0.051543770175674054,
      "incr_op_margin_yoy": -0.48818656029456886,
      "rev_growth_yoy": 0.02356301062829875,
      "rev_growth_yoy_accel": 0.018355191008232862,
      "fcf_margin_change": -0.0736015836262304
    },
    {
      "date": "2022-07-31T00:00:00",
      "quarter_label": "2022-07 (Q3)",
      "revenue": 152859000000,
      "gross_profit": 37021000000,
      "operating_income": 6854000000,
      "net_income": 5149000000,
      "opex": 30167000000,
      "cogs": 115838000000,
      "rd": null,
      "sga": 30167000000,
      "fcf": 9045000000,
      "ocf": 12998000000,
      "capex": -3953000000,
      "gross_margin": 0.24219051544233575,
      "op_margin": 0.04483870756710433,
      "fcf_margin": 0.059172178281946104,
      "incr_op_margin_yoy": -0.042333418000169334,
      "rev_growth_yoy": 0.08373745108048324,
      "rev_growth_yoy_accel": 0.06017444045218449,
      "op_leverage_ratio": 3.073319090718069,
      "fcf_margin_change": 0.11071594845762016
    },
    {
      "date": "2022-10-31T00:00:00",
      "quarter_label": "2022-10 (Q4)",
      "revenue": 152813000000,
      "gross_profit": 37200000000,
      "operating_income": 2695000000,
      "net_income": -1798000000,
      "opex": 34505000000,
      "cogs": 115613000000,
      "rd": null,
      "sga": 34505000000,
      "fcf": 1889000000,
      "ocf": 6458000000,
      "capex": -4569000000,
      "gross_margin": 0.24343478630744766,
      "op_margin": 0.017635934115552997,
      "fcf_margin": 0.012361513745558297,
      "incr_op_margin_yoy": -0.2520345052083333,
      "rev_growth_yoy": 0.08744351538872087,
      "rev_growth_yoy_accel": 0.0037060643082376388,
      "fcf_margin_change": -0.04681066453638781
    },
    {
      "date": "2023-01-31T00:00:00",
      "quarter_label": "2023-01 (Q1)",
      "revenue": 164048000000,
      "gross_profit": 38625000000,
      "operating_income": 5561000000,
      "net_income": 6275000000,
      "opex": 33064000000,
      "cogs": 125423000000,
      "rd": null,
      "sga": 33064000000,
      "fcf": 8347000000,
      "ocf": 13143000000,
      "capex": -4796000000,
      "gross_margin": 0.23544938066907248,
      "op_margin": 0.03389861503950063,
      "fcf_margin": 0.050881449331902855,
      "incr_op_margin_yoy": -0.029167039456025768,
      "rev_growth_yoy": 0.07311393266217922,
      "rev_growth_yoy_accel": -0.014329582726541654,
      "op_leverage_ratio": Infinity,
      "fcf_margin_change": 0.03851993558634456
    },
    {
      "date": "2023-04-30T00:00:00",
      "quarter_label": "2023-04 (Q2)",
      "revenue": 152301000000,
      "gross_profit": 37017000000,
      "operating_income": 6240000000,
      "net_income": 1673000000,
      "opex": 30777000000,
      "cogs": 115284000000,
      "rd": null,
      "sga": 30777000000,
      "fcf": 204000000,
      "ocf": 4633000000,
      "capex": -4429000000,
      "gross_margin": 0.24305158863040952,
      "op_margin": 0.040971497232454156,
      "fcf_margin": 0.0013394527941379243,
      "incr_op_margin_yoy": 0.08591129332836377,
      "rev_growth_yoy": 0.07580755673911661,
      "rev_growth_yoy_accel": 0.0026936240769373926,
      "fcf_margin_change": -0.04954199653776493
    },
    {
      "date": "2023-07-31T00:00:00",
      "quarter_label": "2023-07 (Q3)",
      "revenue": 161632000000,
      "gross_profit": 39782000000,
      "operating_income": 7316000000,
      "net_income": 7891000000,
      "opex": 32466000000,
      "cogs": 121850000000,
      "rd": null,
      "sga": 32466000000,
      "fcf": 8781000000,
      "ocf": 13568000000,
      "capex": -4787000000,
      "gross_margin": 0.24612700455355374,
      "op_margin": 0.04526331419520887,
      "fcf_margin": 0.054327113442882595,
      "incr_op_margin_yoy": 0.052661575287814885,
      "rev_growth_yoy": 0.0573927606487024,
      "rev_growth_yoy_accel": -0.018414796090414215,
      "op_leverage_ratio": 1.1164057624833164,
      "fcf_margin_change": 0.05298766064874467
    },
    {
      "date": "2023-10-31T00:00:00",
      "quarter_label": "2023-10 (Q4)",
      "revenue": 160804000000,
      "gross_profit": 39621000000,
      "operating_income": 6202000000,
      "net_income": 453000000,
      "opex": 33419000000,
      "cogs": 121183000000,
      "rd": null,
      "sga": 33419000000,
      "fcf": -4645000000,
      "ocf": 813000000,
      "capex": -5458000000,
      "gross_margin": 0.24639312454914056,
      "op_margin": 0.03856869232108654,
      "fcf_margin": -0.02888609736076217,
      "incr_op_margin_yoy": 0.438868727318233,
      "rev_growth_yoy": 0.05229267143502189,
      "rev_growth_yoy_accel": -0.005100089213680506,
      "fcf_margin_change": -0.08321321080364477
    },
    {
      "date": "2024-01-31T00:00:00",
      "quarter_label": "2024-01 (Q1)",
      "revenue": 173388000000,
      "gross_profit": 41563000000,
      "operating_income": 7254000000,
      "net_income": 5494000000,
      "opex": 34309000000,
      "cogs": 131825000000,
      "rd": null,
      "sga": 34309000000,
      "fcf": 10780000000,
      "ocf": 16712000000,
      "capex": -5932000000,
      "gross_margin": 0.2397109373197684,
      "op_margin": 0.04183680531524673,
      "fcf_margin": 0.06217269937942649,
      "incr_op_margin_yoy": 0.18126338329764455,
      "rev_growth_yoy": 0.056934555739783475,
      "rev_growth_yoy_accel": 0.004641884304761583,
      "op_leverage_ratio": 2.9384973653458784,
      "fcf_margin_change": 0.09105879674018866
    },
    {
      "date": "2024-04-30T00:00:00",
      "quarter_label": "2024-04 (Q2)",
      "revenue": 161508000000,
      "gross_profit": 40077000000,
      "operating_income": 6841000000,
      "net_income": 5104000000,
      "opex": 33236000000,
      "cogs": 121431000000,
      "rd": null,
      "sga": 33236000000,
      "fcf": -427000000,
      "ocf": 4249000000,
      "capex": -4676000000,
      "gross_margin": 0.24814250687272457,
      "op_margin": 0.04235703494563737,
      "fcf_margin": -0.0026438318844886942,
      "incr_op_margin_yoy": 0.0652764201151298,
      "rev_growth_yoy": 0.06045265625307779,
      "rev_growth_yoy_accel": 0.003518100513294313,
      "fcf_margin_change": -0.06481653126391518
    },
    {
      "date": "2024-07-31T00:00:00",
      "quarter_label": "2024-07 (Q3)",
      "revenue": 169335000000,
      "gross_profit": 42525000000,
      "operating_income": 7940000000,
      "net_income": 4501000000,
      "opex": 34585000000,
      "cogs": 126810000000,
      "rd": null,
      "sga": 34585000000,
      "fcf": 6277000000,
      "ocf": 12108000000,
      "capex": -5831000000,
      "gross_margin": 0.2511294180175392,
      "op_margin": 0.04688930227064694,
      "fcf_margin": 0.0370685327900316,
      "incr_op_margin_yoy": 0.081007399714397,
      "rev_growth_yoy": 0.047657642051078995,
      "rev_growth_yoy_accel": -0.012795014201998793,
      "op_leverage_ratio": 1.1939828678823659,
      "fcf_margin_change": 0.039712364674520294
    },
    {
      "date": "2024-10-31T00:00:00",
      "quarter_label": "2024-10 (Q4)",
      "revenue": 169588000000,
      "gross_profit": 42248000000,
      "operating_income": 6708000000,
      "net_income": 4577000000,
      "opex": 35540000000,
      "cogs": 127340000000,
      "rd": null,
      "sga": 35540000000,
      "fcf": 372000000,
      "ocf": 6561000000,
      "capex": -6189000000,
      "gross_margin": 0.2491214000990636,
      "op_margin": 0.039554685473028754,
      "fcf_margin": 0.0021935514305257446,
      "incr_op_margin_yoy": 0.05760473588342441,
      "rev_growth_yoy": 0.054625506828188355,
      "rev_growth_yoy_accel": 0.00696786477710936,
      "fcf_margin_change": -0.034874981359505855
    },
    {
      "date": "2025-01-31T00:00:00",
      "quarter_label": "2025-01 (Q1)",
      "revenue": 180554000000,
      "gross_profit": 44382000000,
      "operating_income": 7859000000,
      "net_income": 5254000000,
      "opex": 36523000000,
      "cogs": 136172000000,
      "rd": null,
      "sga": 36523000000,
      "fcf": 6438000000,
      "ocf": 13525000000,
      "capex": -7087000000,
      "gross_margin": 0.24581011774870676,
      "op_margin": 0.04352714423385801,
      "fcf_margin": 0.03565692258271764,
      "incr_op_margin_yoy": 0.0844264582751884,
      "rev_growth_yoy": 0.041329273075414674,
      "rev_growth_yoy_accel": -0.013296233752773681,
      "op_leverage_ratio": 2.33785207791363,
      "fcf_margin_change": 0.0334633711521919
    },
    {
      "date": "2025-04-30T00:00:00",
      "quarter_label": "2025-04 (Q2)",
      "revenue": 165609000000,
      "gross_profit": 41306000000,
      "operating_income": 7135000000,
      "net_income": 4487000000,
      "opex": 34171000000,
      "cogs": 124303000000,
      "rd": null,
      "sga": 34171000000,
      "fcf": 425000000,
      "ocf": 5411000000,
      "capex": -4986000000,
      "gross_margin": 0.24941881177955305,
      "op_margin": 0.04308340730274321,
      "fcf_margin": 0.0025662856487268203,
      "incr_op_margin_yoy": 0.07168983174835405,
      "rev_growth_yoy": 0.025391931049855116,
      "rev_growth_yoy_accel": -0.015937342025559558,
      "fcf_margin_change": -0.03309063693399082
    },
    {
      "date": "2025-07-31T00:00:00",
      "quarter_label": "2025-07 (Q3)",
      "revenue": 177402000000,
      "gross_profit": 44631000000,
      "operating_income": 7286000000,
      "net_income": 7026000000,
      "opex": 37345000000,
      "cogs": 132771000000,
      "rd": null,
      "sga": 37345000000,
      "fcf": 6518000000,
      "ocf": 12941000000,
      "capex": -6423000000,
      "gross_margin": 0.25158115466567454,
      "op_margin": 0.04107056290233481,
      "fcf_margin": 0.0367414121599531,
      "incr_op_margin_yoy": -0.0810710301227222,
      "rev_growth_yoy": 0.047639294888829835,
      "rev_growth_yoy_accel": 0.02224736383897472,
      "op_leverage_ratio": 0.7666393903575989,
      "fcf_margin_change": 0.034175126511226284
    },
    {
      "date": "2025-10-31T00:00:00",
      "quarter_label": "2025-10 (Q4)",
      "revenue": 179496000000,
      "gross_profit": 44790000000,
      "operating_income": 6696000000,
      "net_income": 6143000000,
      "opex": 38094000000,
      "cogs": 134706000000,
      "rd": null,
      "sga": 38094000000,
      "fcf": 1882000000,
      "ocf": 9100000000,
      "capex": -7218000000,
      "gross_margin": 0.24953202299772698,
      "op_margin": 0.03730445246690734,
      "fcf_margin": 0.010484913312831483,
      "incr_op_margin_yoy": -0.0012111425111021397,
      "rev_growth_yoy": 0.05842394509045451,
      "rev_growth_yoy_accel": 0.010784650201624675,
      "op_leverage_ratio": 0.5885302792422342,
      "fcf_margin_change": -0.02625649884712162
    }
  ],
  "signals": [
    {
      "quarter": "2025-01 (Q1)",
      "signal": "OPERATING LEVERAGE",
      "detail": "Rev growth +6.5% vs OpEx growth +2.8% (leverage: 2.3x)",
      "severity": "MEDIUM"
    },
    {
      "quarter": "2024-07 (Q3)",
      "signal": "FCF TURNED POSITIVE",
      "detail": "FCF margin: -0.3% -> +3.7%",
      "severity": "HIGH"
    },
    {
      "quarter": "2024-01 (Q1)",
      "signal": "FCF TURNED POSITIVE",
      "detail": "FCF margin: -2.9% -> +6.2%",
      "severity": "HIGH"
    },
    {
      "quarter": "2024-01 (Q1)",
      "signal": "OPERATING LEVERAGE",
      "detail": "Rev growth +7.8% vs OpEx growth +2.7% (leverage: 2.9x)",
      "severity": "MEDIUM"
    },
    {
      "quarter": "2024-01 (Q1)",
      "signal": "INCREMENTAL MARGIN (YoY)",
      "detail": "YoY Incr OPM: +18.1% vs year-ago OPM: +3.4%",
      "severity": "MEDIUM"
    },
    {
      "quarter": "2023-10 (Q4)",
      "signal": "INCREMENTAL MARGIN (YoY)",
      "detail": "YoY Incr OPM: +43.9% vs year-ago OPM: +1.8%",
      "severity": "HIGH"
    },
    {
      "quarter": "2023-07 (Q3)",
      "signal": "FCF MARGIN EXPANSION",
      "detail": "FCF margin: +0.1% -> +5.4% (+5.3%)",
      "severity": "MEDIUM"
    },
    {
      "quarter": "2022-07 (Q3)",
      "signal": "FCF TURNED POSITIVE",
      "detail": "FCF margin: -5.2% -> +5.9%",
      "severity": "HIGH"
    },
    {
      "quarter": "2022-07 (Q3)",
      "signal": "OPERATING LEVERAGE",
      "detail": "Rev growth +8.0% vs OpEx growth +2.6% (leverage: 3.1x)",
      "severity": "MEDIUM"
    },
    {
      "quarter": "2022-07 (Q3)",
      "signal": "YoY REVENUE GROWTH ACCELERATION",
      "detail": "YoY growth: +8.4% vs prior quarter YoY: +2.4% (accel: +6.0%)",
      "severity": "MEDIUM"
    },
    {
      "quarter": "2022-01 (Q1)",
      "signal": "INCREMENTAL MARGIN (YoY)",
      "detail": "YoY Incr OPM: +50.5% vs year-ago OPM: +3.6%",
      "severity": "HIGH"
    }
  ],
  "data_quality": {
    "n_quarters": 20,
    "coverage": {
      "revenue": [
        20,
        20
      ],
      "gross_profit": [
        20,
        20
      ],
      "op_income": [
        20,
        20
      ],
      "fcf": [
        20,
        20
      ]
    },
    "gaps": [],
    "warnings": []
  },
  "market_cap": null,
  "source": "SEC EDGAR",
  "last_updated": "2026-02-02T19:46:02.337564",
  "sector": "Consumer Defensive",
  "industry": "Discount Stores"
}