{
  "ticker": "WNS",
  "name": "WNS (HOLDINGS) LIMITED",
  "quarters": [
    {
      "date": "2023-06-30T00:00:00",
      "quarter_label": "2023-06 (Q2)",
      "revenue": 326501000,
      "gross_profit": 112567000,
      "operating_income": 37866000,
      "net_income": 31964000,
      "opex": 74701000,
      "cogs": 213934000,
      "rd": null,
      "sga": null,
      "fcf": -4925000,
      "ocf": 12914000,
      "capex": -17839000,
      "gross_margin": 0.34476770362112213,
      "op_margin": 0.11597514249573508,
      "fcf_margin": -0.015084180446614252
    },
    {
      "date": "2023-09-30T00:00:00",
      "quarter_label": "2023-09 (Q3)",
      "revenue": 333890000,
      "gross_profit": 120596000,
      "operating_income": 46720000,
      "net_income": 59442000,
      "opex": 73876000,
      "cogs": 213294000,
      "rd": null,
      "sga": null,
      "fcf": 43736000,
      "ocf": 59470000,
      "capex": -15734000,
      "gross_margin": 0.3611848213483483,
      "op_margin": 0.13992632304052233,
      "fcf_margin": 0.13098924795591363,
      "op_leverage_ratio": Infinity,
      "fcf_margin_change": 0.14607342840252788
    },
    {
      "date": "2023-12-31T00:00:00",
      "quarter_label": "2023-12 (Q4)",
      "revenue": 326203000,
      "gross_profit": 114346000,
      "operating_income": 39388000,
      "net_income": 41537000,
      "opex": 74958000,
      "cogs": 211857000,
      "rd": null,
      "sga": null,
      "fcf": 56969000,
      "ocf": 67240000,
      "capex": -10271000,
      "gross_margin": 0.35053632247404226,
      "op_margin": 0.12074689687096685,
      "fcf_margin": 0.17464278378800932,
      "fcf_margin_change": 0.04365353583209569
    },
    {
      "date": "2024-03-31T00:00:00",
      "quarter_label": "2024-03 (Q1)",
      "revenue": 336771000,
      "gross_profit": 119056000,
      "operating_income": 16946000,
      "net_income": 14534000,
      "opex": 102110000,
      "cogs": 217715000,
      "rd": null,
      "sga": null,
      "fcf": 50765000,
      "ocf": 61204000,
      "capex": -10439000,
      "gross_margin": 0.35352212631135105,
      "op_margin": 0.05031905953897456,
      "fcf_margin": 0.15074041410929087,
      "op_leverage_ratio": 0.08943778173885167,
      "fcf_margin_change": -0.02390236967871845
    },
    {
      "date": "2024-06-30T00:00:00",
      "quarter_label": "2024-06 (Q2)",
      "revenue": 323115000,
      "gross_profit": 113672000,
      "operating_income": 38573000,
      "net_income": 28922000,
      "opex": 75099000,
      "cogs": 209443000,
      "rd": null,
      "sga": null,
      "fcf": 10685000,
      "ocf": 21408000,
      "capex": -10723000,
      "gross_margin": 0.35180044256688797,
      "op_margin": 0.11937854943286445,
      "fcf_margin": 0.03306872166256596,
      "incr_op_margin_yoy": -0.20880094506792676,
      "rev_growth_yoy": -0.010370565480657026,
      "fcf_margin_change": -0.1176716924467249
    },
    {
      "date": "2024-09-30T00:00:00",
      "quarter_label": "2024-09 (Q3)",
      "revenue": 322607000,
      "gross_profit": 115330000,
      "operating_income": 41316000,
      "net_income": 41788000,
      "opex": 74014000,
      "cogs": 207277000,
      "rd": null,
      "sga": null,
      "fcf": 30936000,
      "ocf": 43624000,
      "capex": -12688000,
      "gross_margin": 0.3574937927571317,
      "op_margin": 0.1280691367515274,
      "fcf_margin": 0.09589376547936034,
      "incr_op_margin_yoy": 0.47895063369671187,
      "rev_growth_yoy": -0.033792566414088475,
      "rev_growth_yoy_accel": -0.02342200093343145,
      "fcf_margin_change": 0.06282504381679438
    },
    {
      "date": "2024-12-31T00:00:00",
      "quarter_label": "2024-12 (Q4)",
      "revenue": 332963000,
      "gross_profit": 116555000,
      "operating_income": 45237000,
      "net_income": 48573000,
      "opex": 71318000,
      "cogs": 216408000,
      "rd": null,
      "sga": null,
      "fcf": 76645000,
      "ocf": 88735000,
      "capex": -12090000,
      "gross_margin": 0.3500539098938921,
      "op_margin": 0.13586194261824888,
      "fcf_margin": 0.23019074191426675,
      "incr_op_margin_yoy": 0.8652366863905325,
      "rev_growth_yoy": 0.020723291937842385,
      "rev_growth_yoy_accel": 0.05451585835193086,
      "op_leverage_ratio": Infinity,
      "fcf_margin_change": 0.1342969764349064
    },
    {
      "date": "2025-03-31T00:00:00",
      "quarter_label": "2025-03 (Q1)",
      "revenue": 336257000,
      "gross_profit": 119960000,
      "operating_income": 50313000,
      "net_income": 50831000,
      "opex": 69647000,
      "cogs": 216297000,
      "rd": null,
      "sga": null,
      "fcf": 34778000,
      "ocf": 53394000,
      "capex": -18616000,
      "gross_margin": 0.3567509375269511,
      "op_margin": 0.14962662487323683,
      "fcf_margin": 0.10342684315865543,
      "rev_growth_yoy": -0.001526259683880144,
      "rev_growth_yoy_accel": -0.02224955162172253,
      "fcf_margin_change": -0.12676389875561134
    },
    {
      "date": "2025-06-30T00:00:00",
      "quarter_label": "2025-06 (Q2)",
      "revenue": 353794000,
      "gross_profit": 116573000,
      "operating_income": 33103000,
      "net_income": 21750000,
      "opex": 83470000,
      "cogs": 237221000,
      "rd": null,
      "sga": null,
      "fcf": 14665000,
      "ocf": 29499000,
      "capex": -14834000,
      "gross_margin": 0.32949399933294515,
      "op_margin": 0.09356574729927584,
      "fcf_margin": 0.04145067468639943,
      "incr_op_margin_yoy": -0.17829785846996316,
      "rev_growth_yoy": 0.09494761926868144,
      "rev_growth_yoy_accel": 0.09647387895256158,
      "op_leverage_ratio": 0.2627750177970185,
      "fcf_margin_change": -0.061976168472255996
    }
  ],
  "signals": [
    {
      "quarter": "2025-06 (Q2)",
      "signal": "YoY REVENUE GROWTH ACCELERATION",
      "detail": "YoY growth: +9.5% vs prior quarter YoY: -0.2% (accel: +9.6%)",
      "severity": "MEDIUM"
    },
    {
      "quarter": "2024-12 (Q4)",
      "signal": "FCF MARGIN EXPANSION",
      "detail": "FCF margin: +9.6% -> +23.0% (+13.4%)",
      "severity": "MEDIUM"
    },
    {
      "quarter": "2024-12 (Q4)",
      "signal": "YoY REVENUE GROWTH ACCELERATION",
      "detail": "YoY growth: +2.1% vs prior quarter YoY: -3.4% (accel: +5.5%)",
      "severity": "MEDIUM"
    },
    {
      "quarter": "2024-12 (Q4)",
      "signal": "INCREMENTAL MARGIN (YoY)",
      "detail": "YoY Incr OPM: +86.5% vs year-ago OPM: +12.1%",
      "severity": "HIGH"
    },
    {
      "quarter": "2024-09 (Q3)",
      "signal": "FCF MARGIN EXPANSION",
      "detail": "FCF margin: +3.3% -> +9.6% (+6.3%)",
      "severity": "MEDIUM"
    },
    {
      "quarter": "2024-09 (Q3)",
      "signal": "INCREMENTAL MARGIN (YoY)",
      "detail": "YoY Incr OPM: +47.9% vs year-ago OPM: +14.0%",
      "severity": "HIGH"
    },
    {
      "quarter": "2023-09 (Q3)",
      "signal": "FCF TURNED POSITIVE",
      "detail": "FCF margin: -1.5% -> +13.1%",
      "severity": "HIGH"
    }
  ],
  "data_quality": {
    "n_quarters": 9,
    "coverage": {
      "revenue": [
        9,
        9
      ],
      "gross_profit": [
        9,
        9
      ],
      "op_income": [
        9,
        9
      ],
      "fcf": [
        9,
        9
      ]
    },
    "gaps": [],
    "warnings": []
  },
  "market_cap": null,
  "source": "SEC EDGAR",
  "last_updated": "2026-02-02T21:19:36.592201"
}