{
  "ticker": "WOOF",
  "name": "Petco Health and Wellness Company, Inc.",
  "quarters": [
    {
      "date": "2021-01-30T00:00:00",
      "quarter_label": "2021-01 (Q1)",
      "revenue": 1337713000,
      "gross_profit": 569265000,
      "operating_income": 66975000,
      "net_income": -6159000,
      "opex": 502290000,
      "cogs": 768448000,
      "rd": null,
      "sga": 502290000,
      "fcf": 3864000,
      "ocf": 67135000,
      "capex": -63271000,
      "gross_margin": 0.4255509216102408,
      "op_margin": 0.05006679310136031,
      "fcf_margin": 0.002888511960338279
    },
    {
      "date": "2021-05-01T00:00:00",
      "quarter_label": "2021-05 (Q2)",
      "revenue": 1414994000,
      "gross_profit": 596985000,
      "operating_income": 47749000,
      "net_income": 7560000,
      "opex": 549236000,
      "cogs": 818009000,
      "rd": null,
      "sga": 549236000,
      "fcf": 67651000,
      "ocf": 115002000,
      "capex": -47351000,
      "gross_margin": 0.42189931547412923,
      "op_margin": 0.03374501941350988,
      "fcf_margin": 0.04781009672125818,
      "op_leverage_ratio": 0.6181099334404377,
      "fcf_margin_change": 0.044921584760919904
    },
    {
      "date": "2021-07-31T00:00:00",
      "quarter_label": "2021-07 (Q3)",
      "revenue": 1434534000,
      "gross_profit": 599410000,
      "operating_income": 73468000,
      "net_income": 75111000,
      "opex": 525942000,
      "cogs": 835124000,
      "rd": null,
      "sga": 525942000,
      "fcf": 34870000,
      "ocf": 87402000,
      "capex": -52532000,
      "gross_margin": 0.41784300685797615,
      "op_margin": 0.05121384365933467,
      "fcf_margin": 0.024307545167977895,
      "op_leverage_ratio": Infinity,
      "fcf_margin_change": -0.023502551553280286
    },
    {
      "date": "2021-10-30T00:00:00",
      "quarter_label": "2021-10 (Q4)",
      "revenue": 1443264000,
      "gross_profit": 594709000,
      "operating_income": 61949000,
      "net_income": 52752000,
      "opex": 532760000,
      "cogs": 848555000,
      "rd": null,
      "sga": 532760000,
      "fcf": 21593000,
      "ocf": 86040000,
      "capex": -64447000,
      "gross_margin": 0.41205836215688885,
      "op_margin": 0.04292284710212407,
      "fcf_margin": 0.01496122677486586,
      "fcf_margin_change": -0.009346318393112035
    },
    {
      "date": "2022-01-29T00:00:00",
      "quarter_label": "2022-01 (Q1)",
      "revenue": 1514357000,
      "gross_profit": 635506000,
      "operating_income": 82905000,
      "net_income": 28994000,
      "opex": 552601000,
      "cogs": 878851000,
      "rd": null,
      "sga": 552601000,
      "fcf": -5009000,
      "ocf": 69771000,
      "capex": -74780000,
      "gross_margin": 0.4196540181740501,
      "op_margin": 0.05474600771152377,
      "fcf_margin": -0.0033076744783429534,
      "incr_op_margin_yoy": 0.09018138176218836,
      "rev_growth_yoy": 0.13204925122204839,
      "op_leverage_ratio": 1.3226627272712257,
      "fcf_margin_change": -0.018268901253208812
    },
    {
      "date": "2022-04-30T00:00:00",
      "quarter_label": "2022-04 (Q2)",
      "revenue": 1475991000,
      "gross_profit": 607674000,
      "operating_income": 49939000,
      "net_income": 24693000,
      "opex": 557735000,
      "cogs": 868317000,
      "rd": null,
      "sga": 557735000,
      "fcf": -8391000,
      "ocf": 57519000,
      "capex": -65910000,
      "gross_margin": 0.41170576243351076,
      "op_margin": 0.03383421714631051,
      "fcf_margin": -0.0056849940141911436,
      "incr_op_margin_yoy": 0.035903405085496005,
      "rev_growth_yoy": 0.04310760328312346,
      "rev_growth_yoy_accel": -0.08894164793892492,
      "fcf_margin_change": -0.00237731953584819
    },
    {
      "date": "2022-07-30T00:00:00",
      "quarter_label": "2022-07 (Q3)",
      "revenue": 1480797000,
      "gross_profit": 594477000,
      "operating_income": 50005000,
      "net_income": 13456000,
      "opex": 544472000,
      "cogs": 886320000,
      "rd": null,
      "sga": 544472000,
      "fcf": -27711000,
      "ocf": 42569000,
      "capex": -70280000,
      "gross_margin": 0.40145745838220903,
      "op_margin": 0.03376897711165001,
      "fcf_margin": -0.018713571137704898,
      "incr_op_margin_yoy": -0.5071655534660527,
      "rev_growth_yoy": 0.03224949704921598,
      "rev_growth_yoy_accel": -0.010858106233907483,
      "fcf_margin_change": -0.013028577123513754
    },
    {
      "date": "2022-10-29T00:00:00",
      "quarter_label": "2022-10 (Q4)",
      "revenue": 1501220000,
      "gross_profit": 597677000,
      "operating_income": 48055000,
      "net_income": 19920000,
      "opex": 549622000,
      "cogs": 903543000,
      "rd": null,
      "sga": 549622000,
      "fcf": 33491000,
      "ocf": 109375000,
      "capex": -75884000,
      "gross_margin": 0.3981275229480023,
      "op_margin": 0.03201063135316609,
      "fcf_margin": 0.02230918852666498,
      "incr_op_margin_yoy": -0.23973359100006902,
      "rev_growth_yoy": 0.04015620149882489,
      "rev_growth_yoy_accel": 0.007906704449608906,
      "op_leverage_ratio": 1.4581168646579858,
      "fcf_margin_change": 0.04102275966436988
    },
    {
      "date": "2023-01-28T00:00:00",
      "quarter_label": "2023-01 (Q1)",
      "revenue": 1577959000,
      "gross_profit": 627279000,
      "operating_income": 77560000,
      "net_income": 32732000,
      "opex": 549719000,
      "cogs": 950680000,
      "rd": null,
      "sga": 549719000,
      "fcf": 70594000,
      "ocf": 136540000,
      "capex": -65946000,
      "gross_margin": 0.3975255377357713,
      "op_margin": 0.049152100910099694,
      "fcf_margin": 0.04473753754058249,
      "incr_op_margin_yoy": -0.08403823779126443,
      "rev_growth_yoy": 0.041999343615805255,
      "rev_growth_yoy_accel": 0.0018431421169803688,
      "op_leverage_ratio": Infinity,
      "fcf_margin_change": 0.02242834901391751
    },
    {
      "date": "2023-04-29T00:00:00",
      "quarter_label": "2023-04 (Q2)",
      "revenue": 1555908000,
      "gross_profit": 604482000,
      "operating_income": 27617000,
      "net_income": -1892000,
      "opex": 576865000,
      "cogs": 951426000,
      "rd": null,
      "sga": 576865000,
      "fcf": -24399000,
      "ocf": 37651000,
      "capex": -62050000,
      "gross_margin": 0.3885075467187006,
      "op_margin": 0.017749764124871135,
      "fcf_margin": -0.015681518444535282,
      "incr_op_margin_yoy": -0.2793147890936847,
      "rev_growth_yoy": 0.054144639093327805,
      "rev_growth_yoy_accel": 0.01214529547752255,
      "fcf_margin_change": -0.06041905598511777
    },
    {
      "date": "2023-07-29T00:00:00",
      "quarter_label": "2023-07 (Q3)",
      "revenue": 1530734000,
      "gross_profit": 593004000,
      "operating_income": 24037000,
      "net_income": -14606000,
      "opex": 568967000,
      "cogs": 937730000,
      "rd": null,
      "sga": 568967000,
      "fcf": 44641000,
      "ocf": 96614000,
      "capex": -51973000,
      "gross_margin": 0.3873984637435374,
      "op_margin": 0.01570292421805487,
      "fcf_margin": 0.029163133503273594,
      "incr_op_margin_yoy": -0.520015219176162,
      "rev_growth_yoy": 0.033723055894899844,
      "rev_growth_yoy_accel": -0.02042158319842796,
      "fcf_margin_change": 0.04484465194780887
    },
    {
      "date": "2023-10-28T00:00:00",
      "quarter_label": "2023-10 (Q4)",
      "revenue": 1494166000,
      "gross_profit": 550001000,
      "operating_income": -1232134000,
      "net_income": -1241137000,
      "opex": 1782135000,
      "cogs": 944165000,
      "rd": null,
      "sga": 559611000,
      "fcf": -28078000,
      "ocf": 34431000,
      "capex": -62509000,
      "gross_margin": 0.3680989930168402,
      "op_margin": -0.8246299273306982,
      "fcf_margin": -0.01879175406213232,
      "incr_op_margin_yoy": 181.4841224836972,
      "rev_growth_yoy": -0.004698844939449248,
      "rev_growth_yoy_accel": -0.03842190083434909,
      "fcf_margin_change": -0.04795488756540592
    },
    {
      "date": "2024-02-03T00:00:00",
      "quarter_label": "2024-02 (Q1)",
      "revenue": 1674476000,
      "gross_profit": 606348000,
      "operating_income": 166000,
      "net_income": -22575000,
      "opex": 606182000,
      "cogs": 1068128000,
      "rd": null,
      "sga": 606182000,
      "fcf": -2043000,
      "ocf": 47023000,
      "capex": -49066000,
      "gross_margin": 0.36211208760233055,
      "op_margin": 9.913549074456726e-05,
      "fcf_margin": -0.0012200831782599453,
      "incr_op_margin_yoy": -0.8018691007801735,
      "rev_growth_yoy": 0.0611657210358444,
      "rev_growth_yoy_accel": 0.06586456597529365,
      "op_leverage_ratio": Infinity,
      "fcf_margin_change": 0.017571670883872376
    },
    {
      "date": "2024-05-04T00:00:00",
      "quarter_label": "2024-05 (Q2)",
      "revenue": 1529140000,
      "gross_profit": 578660000,
      "operating_income": -16782000,
      "net_income": -46483000,
      "opex": 595442000,
      "cogs": 950480000,
      "rd": null,
      "sga": 595442000,
      "fcf": -41055000,
      "ocf": -8414000,
      "capex": -32641000,
      "gross_margin": 0.37842185803785133,
      "op_margin": -0.010974796290725506,
      "fcf_margin": -0.026848424604679753,
      "incr_op_margin_yoy": 1.6586595935445307,
      "rev_growth_yoy": -0.01720410204202305,
      "rev_growth_yoy_accel": -0.07836982307786745,
      "fcf_margin_change": -0.025628341426419808
    },
    {
      "date": "2024-08-03T00:00:00",
      "quarter_label": "2024-08 (Q3)",
      "revenue": 1523755000,
      "gross_profit": 580725000,
      "operating_income": 2468000,
      "net_income": -24823000,
      "opex": 578257000,
      "cogs": 943030000,
      "rd": null,
      "sga": 578257000,
      "fcf": 41982000,
      "ocf": 69370000,
      "capex": -27388000,
      "gross_margin": 0.3811144180002691,
      "op_margin": 0.001619682954280708,
      "fcf_margin": 0.027551673333311457,
      "incr_op_margin_yoy": 3.0905573864450493,
      "rev_growth_yoy": -0.004559250660140821,
      "rev_growth_yoy_accel": 0.01264485138188223,
      "fcf_margin_change": 0.05440009793799121
    },
    {
      "date": "2024-11-02T00:00:00",
      "quarter_label": "2024-11 (Q4)",
      "revenue": 1511437000,
      "gross_profit": 575757000,
      "operating_income": 3977000,
      "net_income": -16673000,
      "opex": 571780000,
      "cogs": 935680000,
      "rd": null,
      "sga": 571780000,
      "fcf": -10288000,
      "ocf": 20724000,
      "capex": -31012000,
      "gross_margin": 0.3809335089719254,
      "op_margin": 0.0026312707707962686,
      "fcf_margin": -0.006806767334662312,
      "incr_op_margin_yoy": 71.57147820045162,
      "rev_growth_yoy": 0.011558956635340383,
      "rev_growth_yoy_accel": 0.016118207295481204,
      "fcf_margin_change": -0.03435844066797377
    },
    {
      "date": "2025-02-01T00:00:00",
      "quarter_label": "2025-02 (Q1)",
      "revenue": 1552130000,
      "gross_profit": 589260000,
      "operating_income": 17388000,
      "net_income": -13837000,
      "opex": 571872000,
      "cogs": 962870000,
      "rd": null,
      "sga": 571872000,
      "fcf": 59044000,
      "ocf": 95993000,
      "capex": -36949000,
      "gross_margin": 0.3796460348037858,
      "op_margin": 0.011202669879455973,
      "fcf_margin": 0.03804062804017705,
      "incr_op_margin_yoy": -0.1407647164598761,
      "rev_growth_yoy": -0.07306524548575197,
      "rev_growth_yoy_accel": -0.08462420212109235,
      "op_leverage_ratio": Infinity,
      "fcf_margin_change": 0.04484739537483936
    },
    {
      "date": "2025-05-03T00:00:00",
      "quarter_label": "2025-05 (Q2)",
      "revenue": 1493399000,
      "gross_profit": 569968000,
      "operating_income": 16359000,
      "net_income": -11661000,
      "opex": 553609000,
      "cogs": 923431000,
      "rd": null,
      "sga": 553609000,
      "fcf": -43866000,
      "ocf": -15454000,
      "capex": -28412000,
      "gross_margin": 0.38165821726142846,
      "op_margin": 0.01095420580836066,
      "fcf_margin": -0.029373261934687245,
      "incr_op_margin_yoy": -0.9272544136985534,
      "rev_growth_yoy": -0.02337326863465739,
      "rev_growth_yoy_accel": 0.04969197685109458,
      "fcf_margin_change": -0.06741388997486429
    },
    {
      "date": "2025-08-02T00:00:00",
      "quarter_label": "2025-08 (Q3)",
      "revenue": 1488529000,
      "gross_profit": 585319000,
      "operating_income": 43022000,
      "net_income": 13972000,
      "opex": 542297000,
      "cogs": 903210000,
      "rd": null,
      "sga": 542297000,
      "fcf": 53788000,
      "ocf": 85892000,
      "capex": -32104000,
      "gross_margin": 0.39321974916175634,
      "op_margin": 0.02890235930908971,
      "fcf_margin": 0.036135003080222154,
      "incr_op_margin_yoy": -1.1512519161982626,
      "rev_growth_yoy": -0.023117889686990363,
      "rev_growth_yoy_accel": 0.00025537894766702526,
      "fcf_margin_change": 0.0655082650149094
    },
    {
      "date": "2025-11-01T00:00:00",
      "quarter_label": "2025-11 (Q4)",
      "revenue": 1464411000,
      "gross_profit": 569015000,
      "operating_income": 29196000,
      "net_income": 9330000,
      "opex": 539819000,
      "cogs": 895396000,
      "rd": null,
      "sga": 539819000,
      "fcf": 60646000,
      "ocf": 90090000,
      "capex": -29444000,
      "gross_margin": 0.3885623639811501,
      "op_margin": 0.019937025875932372,
      "fcf_margin": 0.04141323713083281,
      "incr_op_margin_yoy": -0.5362778037681283,
      "rev_growth_yoy": -0.031113437080076776,
      "rev_growth_yoy_accel": -0.007995547393086413,
      "fcf_margin_change": 0.005278234050610654
    }
  ],
  "signals": [
    {
      "quarter": "2025-08 (Q3)",
      "signal": "FCF TURNED POSITIVE",
      "detail": "FCF margin: -2.9% -> +3.6%",
      "severity": "HIGH"
    },
    {
      "quarter": "2025-05 (Q2)",
      "signal": "OP MARGIN TURNED POSITIVE (YoY)",
      "detail": "Op margin: -1.1% (year-ago) -> +1.1%",
      "severity": "HIGH"
    },
    {
      "quarter": "2025-02 (Q1)",
      "signal": "FCF TURNED POSITIVE",
      "detail": "FCF margin: -0.7% -> +3.8%",
      "severity": "HIGH"
    },
    {
      "quarter": "2025-02 (Q1)",
      "signal": "OPERATING LEVERAGE",
      "detail": "Rev growth +2.7% vs OpEx growth +0.0% (leverage: 167.3x)",
      "severity": "MEDIUM"
    },
    {
      "quarter": "2025-02 (Q1)",
      "signal": "YoY REVENUE GROWTH DECELERATION",
      "detail": "YoY growth: -7.3% vs prior quarter YoY: +1.2% (decel: -8.5%)",
      "severity": "WARNING"
    },
    {
      "quarter": "2024-11 (Q4)",
      "signal": "OP MARGIN TURNED POSITIVE (YoY)",
      "detail": "Op margin: -82.5% (year-ago) -> +0.3%",
      "severity": "HIGH"
    },
    {
      "quarter": "2024-08 (Q3)",
      "signal": "FCF TURNED POSITIVE",
      "detail": "FCF margin: -2.7% -> +2.8%",
      "severity": "HIGH"
    },
    {
      "quarter": "2024-08 (Q3)",
      "signal": "INCREMENTAL MARGIN (YoY)",
      "detail": "YoY Incr OPM: +309.1% vs year-ago OPM: +1.6%",
      "severity": "HIGH"
    },
    {
      "quarter": "2024-08 (Q3)",
      "signal": "OP MARGIN TURNED POSITIVE (QoQ)",
      "detail": "Op margin: -1.1% -> +0.2%",
      "severity": "HIGH"
    },
    {
      "quarter": "2024-05 (Q2)",
      "signal": "YoY REVENUE GROWTH DECELERATION",
      "detail": "YoY growth: -1.7% vs prior quarter YoY: +6.1% (decel: -7.8%)",
      "severity": "WARNING"
    },
    {
      "quarter": "2024-02 (Q1)",
      "signal": "YoY REVENUE GROWTH ACCELERATION",
      "detail": "YoY growth: +6.1% vs prior quarter YoY: -0.5% (accel: +6.6%)",
      "severity": "MEDIUM"
    },
    {
      "quarter": "2024-02 (Q1)",
      "signal": "OP MARGIN TURNED POSITIVE (QoQ)",
      "detail": "Op margin: -82.5% -> +0.0%",
      "severity": "HIGH"
    },
    {
      "quarter": "2023-07 (Q3)",
      "signal": "FCF TURNED POSITIVE",
      "detail": "FCF margin: -1.6% -> +2.9%",
      "severity": "HIGH"
    },
    {
      "quarter": "2023-01 (Q1)",
      "signal": "OPERATING LEVERAGE",
      "detail": "Rev growth +5.1% vs OpEx growth +0.0% (leverage: 289.6x)",
      "severity": "MEDIUM"
    },
    {
      "quarter": "2022-10 (Q4)",
      "signal": "FCF TURNED POSITIVE",
      "detail": "FCF margin: -1.9% -> +2.2%",
      "severity": "HIGH"
    },
    {
      "quarter": "2022-04 (Q2)",
      "signal": "YoY REVENUE GROWTH DECELERATION",
      "detail": "YoY growth: +4.3% vs prior quarter YoY: +13.2% (decel: -8.9%)",
      "severity": "WARNING"
    }
  ],
  "data_quality": {
    "n_quarters": 20,
    "coverage": {
      "revenue": [
        20,
        20
      ],
      "gross_profit": [
        20,
        20
      ],
      "op_income": [
        20,
        20
      ],
      "fcf": [
        20,
        20
      ]
    },
    "gaps": [],
    "warnings": []
  },
  "market_cap": null,
  "source": "SEC EDGAR",
  "last_updated": "2026-02-02T22:09:17.731523"
}