{
  "ticker": "WPC",
  "name": "W. P. Carey Inc.",
  "quarters": [
    {
      "date": "2020-12-31T00:00:00",
      "quarter_label": "2020-12 (Q4)",
      "revenue": 307371000,
      "gross_profit": 306233000,
      "operating_income": null,
      "net_income": 134572000,
      "opex": 177996000,
      "cogs": 1138000,
      "rd": null,
      "sga": null,
      "fcf": 244954000,
      "ocf": 244954000,
      "capex": null,
      "gross_margin": 0.9962976338041,
      "op_margin": null,
      "fcf_margin": 0.7969326969688096
    },
    {
      "date": "2021-03-31T00:00:00",
      "quarter_label": "2021-03 (Q1)",
      "revenue": 311166000,
      "gross_profit": 310125000,
      "operating_income": null,
      "net_income": 51634000,
      "opex": 166903000,
      "cogs": 1041000,
      "rd": null,
      "sga": null,
      "fcf": 188444000,
      "ocf": 188444000,
      "capex": null,
      "gross_margin": 0.9966545188098956,
      "op_margin": null,
      "fcf_margin": 0.6056060109394985,
      "op_leverage_ratio": Infinity,
      "fcf_margin_change": -0.19132668602931113
    },
    {
      "date": "2021-06-30T00:00:00",
      "quarter_label": "2021-06 (Q2)",
      "revenue": 319724000,
      "gross_profit": 318756000,
      "operating_income": null,
      "net_income": 120245000,
      "opex": 171185000,
      "cogs": 968000,
      "rd": null,
      "sga": null,
      "fcf": 210303000,
      "ocf": 210303000,
      "capex": null,
      "gross_margin": 0.9969723886852411,
      "op_margin": null,
      "fcf_margin": 0.6577641966195844,
      "op_leverage_ratio": 1.0720070094912897,
      "fcf_margin_change": 0.0521581856800859
    },
    {
      "date": "2021-09-30T00:00:00",
      "quarter_label": "2021-09 (Q3)",
      "revenue": 325754000,
      "gross_profit": 324713000,
      "operating_income": null,
      "net_income": 138547000,
      "opex": 188029000,
      "cogs": 1041000,
      "rd": null,
      "sga": null,
      "fcf": 226649000,
      "ocf": 226649000,
      "capex": null,
      "gross_margin": 0.9968043370150481,
      "op_margin": null,
      "fcf_margin": 0.6957673581905364,
      "op_leverage_ratio": 0.19167370991593286,
      "fcf_margin_change": 0.03800316157095196
    },
    {
      "date": "2021-12-31T00:00:00",
      "quarter_label": "2021-12 (Q4)",
      "revenue": 374880000,
      "gross_profit": 373895000,
      "operating_income": null,
      "net_income": 99562000,
      "opex": 200539000,
      "cogs": 985000,
      "rd": null,
      "sga": null,
      "fcf": 301083000,
      "ocf": 301083000,
      "capex": null,
      "gross_margin": 0.9973724925309433,
      "op_margin": null,
      "fcf_margin": 0.8031450064020487,
      "rev_growth_yoy": 0.21963360238929502,
      "op_leverage_ratio": 2.266674575514843,
      "fcf_margin_change": 0.1073776482115123
    },
    {
      "date": "2022-03-31T00:00:00",
      "quarter_label": "2022-03 (Q1)",
      "revenue": 348438000,
      "gross_profit": 347511000,
      "operating_income": null,
      "net_income": 156995000,
      "opex": 198620000,
      "cogs": 927000,
      "rd": null,
      "sga": null,
      "fcf": 235882000,
      "ocf": 235882000,
      "capex": null,
      "gross_margin": 0.9973395553871851,
      "op_margin": null,
      "fcf_margin": 0.6769697908953674,
      "rev_growth_yoy": 0.11978172422436899,
      "rev_growth_yoy_accel": -0.09985187816492604,
      "fcf_margin_change": -0.12617521550668132
    },
    {
      "date": "2022-06-30T00:00:00",
      "quarter_label": "2022-06 (Q2)",
      "revenue": 344397000,
      "gross_profit": 343254000,
      "operating_income": null,
      "net_income": 127678000,
      "opex": 186758000,
      "cogs": 1143000,
      "rd": null,
      "sga": null,
      "fcf": 211001000,
      "ocf": 211001000,
      "capex": null,
      "gross_margin": 0.9966811557591965,
      "op_margin": null,
      "fcf_margin": 0.6126679384547484,
      "rev_growth_yoy": 0.07716968385232263,
      "rev_growth_yoy_accel": -0.042612040372046356,
      "fcf_margin_change": -0.06430185244061892
    },
    {
      "date": "2022-09-30T00:00:00",
      "quarter_label": "2022-09 (Q3)",
      "revenue": 383622000,
      "gross_profit": 383278000,
      "operating_income": null,
      "net_income": 104928000,
      "opex": 246811000,
      "cogs": 344000,
      "rd": null,
      "sga": null,
      "fcf": 255645000,
      "ocf": 255645000,
      "capex": null,
      "gross_margin": 0.9991032839618166,
      "op_margin": null,
      "fcf_margin": 0.6663981732017454,
      "rev_growth_yoy": 0.17764325227011793,
      "rev_growth_yoy_accel": 0.1004735684177953,
      "op_leverage_ratio": 0.35419962667561494,
      "fcf_margin_change": 0.05373023474699701
    },
    {
      "date": "2022-12-31T00:00:00",
      "quarter_label": "2022-12 (Q4)",
      "revenue": 402629000,
      "gross_profit": 402525000,
      "operating_income": null,
      "net_income": 209538000,
      "opex": 234794000,
      "cogs": 104000,
      "rd": null,
      "sga": null,
      "fcf": 301028000,
      "ocf": 301028000,
      "capex": null,
      "gross_margin": 0.9997416976919199,
      "op_margin": null,
      "fcf_margin": 0.7476560307379747,
      "rev_growth_yoy": 0.07402102005975246,
      "rev_growth_yoy_accel": -0.10362223221036547,
      "op_leverage_ratio": Infinity,
      "fcf_margin_change": 0.08125785753622927
    },
    {
      "date": "2023-03-31T00:00:00",
      "quarter_label": "2023-03 (Q1)",
      "revenue": 427790000,
      "gross_profit": 427689000,
      "operating_income": null,
      "net_income": 294380000,
      "opex": 246745000,
      "cogs": 101000,
      "rd": null,
      "sga": null,
      "fcf": 282727000,
      "ocf": 282727000,
      "capex": null,
      "gross_margin": 0.999763902849529,
      "op_margin": null,
      "fcf_margin": 0.6609013768437785,
      "rev_growth_yoy": 0.2277363548177868,
      "rev_growth_yoy_accel": 0.15371533475803434,
      "op_leverage_ratio": 1.227737704646611,
      "fcf_margin_change": -0.08675465389419623
    },
    {
      "date": "2023-06-30T00:00:00",
      "quarter_label": "2023-06 (Q2)",
      "revenue": 452578000,
      "gross_profit": 452454000,
      "operating_income": null,
      "net_income": 144620000,
      "opex": 231687000,
      "cogs": 124000,
      "rd": null,
      "sga": null,
      "fcf": 247607000,
      "ocf": 247607000,
      "capex": null,
      "gross_margin": 0.999726014079341,
      "op_margin": null,
      "fcf_margin": 0.5471034827145818,
      "rev_growth_yoy": 0.3141171380703084,
      "rev_growth_yoy_accel": 0.08638078325252158,
      "op_leverage_ratio": Infinity,
      "fcf_margin_change": -0.11379789412919672
    },
    {
      "date": "2023-09-30T00:00:00",
      "quarter_label": "2023-09 (Q3)",
      "revenue": 448553000,
      "gross_profit": 448456000,
      "operating_income": null,
      "net_income": 125040000,
      "opex": 256590000,
      "cogs": 97000,
      "rd": null,
      "sga": null,
      "fcf": 282353000,
      "ocf": 282353000,
      "capex": null,
      "gross_margin": 0.9997837490775895,
      "op_margin": null,
      "fcf_margin": 0.6294752236636473,
      "rev_growth_yoy": 0.1692577589397897,
      "rev_growth_yoy_accel": -0.1448593791305187,
      "fcf_margin_change": 0.08237174094906552
    },
    {
      "date": "2023-12-31T00:00:00",
      "quarter_label": "2023-12 (Q4)",
      "revenue": 412437000,
      "gross_profit": 412391000,
      "operating_income": null,
      "net_income": 144294000,
      "opex": 282985000,
      "cogs": 46000,
      "rd": null,
      "sga": null,
      "fcf": 260745000,
      "ocf": 260745000,
      "capex": null,
      "gross_margin": 0.9998884678144784,
      "op_margin": null,
      "fcf_margin": 0.6322056459532002,
      "rev_growth_yoy": 0.024359894592788894,
      "rev_growth_yoy_accel": -0.1448978643470008,
      "fcf_margin_change": 0.002730422289552892
    },
    {
      "date": "2024-03-31T00:00:00",
      "quarter_label": "2024-03 (Q1)",
      "revenue": 389798000,
      "gross_profit": null,
      "operating_income": null,
      "net_income": 159223000,
      "opex": 203040000,
      "cogs": null,
      "rd": null,
      "sga": null,
      "fcf": 1035547000,
      "ocf": 1035547000,
      "capex": null,
      "gross_margin": null,
      "op_margin": null,
      "fcf_margin": 2.6566247133130494,
      "rev_growth_yoy": -0.08880993010589308,
      "rev_growth_yoy_accel": -0.11316982469868198,
      "fcf_margin_change": 2.0244190673598492
    },
    {
      "date": "2024-06-30T00:00:00",
      "quarter_label": "2024-06 (Q2)",
      "revenue": 389672000,
      "gross_profit": null,
      "operating_income": null,
      "net_income": 142895000,
      "opex": 233010000,
      "cogs": null,
      "rd": null,
      "sga": null,
      "fcf": 221048000,
      "ocf": 221048000,
      "capex": null,
      "gross_margin": null,
      "op_margin": null,
      "fcf_margin": 0.5672668295386889,
      "rev_growth_yoy": -0.13899482520140174,
      "rev_growth_yoy_accel": -0.050184895095508664,
      "fcf_margin_change": -2.0893578837743605
    },
    {
      "date": "2024-09-30T00:00:00",
      "quarter_label": "2024-09 (Q3)",
      "revenue": 397383000,
      "gross_profit": null,
      "operating_income": null,
      "net_income": 111698000,
      "opex": 194230000,
      "cogs": null,
      "rd": null,
      "sga": null,
      "fcf": 280170000,
      "ocf": 280170000,
      "capex": null,
      "gross_margin": null,
      "op_margin": null,
      "fcf_margin": 0.705037709212523,
      "rev_growth_yoy": -0.11407793504892398,
      "rev_growth_yoy_accel": 0.024916890152477764,
      "op_leverage_ratio": Infinity,
      "fcf_margin_change": 0.13777087967383406
    },
    {
      "date": "2024-12-31T00:00:00",
      "quarter_label": "2024-12 (Q4)",
      "revenue": 406165000,
      "gross_profit": null,
      "operating_income": null,
      "net_income": 47023000,
      "opex": 221877000,
      "cogs": null,
      "rd": null,
      "sga": null,
      "fcf": 296347000,
      "ocf": 296347000,
      "capex": null,
      "gross_margin": null,
      "op_margin": null,
      "fcf_margin": 0.7296221978752477,
      "rev_growth_yoy": -0.015207171034606497,
      "rev_growth_yoy_accel": 0.09887076401431749,
      "op_leverage_ratio": 0.15525744907692024,
      "fcf_margin_change": 0.02458448866272478
    },
    {
      "date": "2025-03-31T00:00:00",
      "quarter_label": "2025-03 (Q1)",
      "revenue": 409858000,
      "gross_profit": null,
      "operating_income": null,
      "net_income": 125824000,
      "opex": 218474000,
      "cogs": null,
      "rd": null,
      "sga": null,
      "fcf": 273213000,
      "ocf": 273213000,
      "capex": null,
      "gross_margin": null,
      "op_margin": null,
      "fcf_margin": 0.6666040433515998,
      "rev_growth_yoy": 0.05146255239893483,
      "rev_growth_yoy_accel": 0.06666972343354133,
      "fcf_margin_change": -0.0630181545236479
    },
    {
      "date": "2025-06-30T00:00:00",
      "quarter_label": "2025-06 (Q2)",
      "revenue": 430777000,
      "gross_profit": null,
      "operating_income": null,
      "net_income": 51220000,
      "opex": 208291000,
      "cogs": null,
      "rd": null,
      "sga": null,
      "fcf": 403983000,
      "ocf": 403983000,
      "capex": null,
      "gross_margin": null,
      "op_margin": null,
      "fcf_margin": 0.9378007646647801,
      "rev_growth_yoy": 0.1054861524564249,
      "rev_growth_yoy_accel": 0.054023600057490066,
      "op_leverage_ratio": Infinity,
      "fcf_margin_change": 0.2711967213131803
    },
    {
      "date": "2025-09-30T00:00:00",
      "quarter_label": "2025-09 (Q3)",
      "revenue": 431303000,
      "gross_profit": null,
      "operating_income": null,
      "net_income": 140996000,
      "opex": 225138000,
      "cogs": null,
      "rd": null,
      "sga": null,
      "fcf": 300490000,
      "ocf": 300490000,
      "capex": null,
      "gross_margin": null,
      "op_margin": null,
      "fcf_margin": 0.6967027820349035,
      "rev_growth_yoy": 0.08535845770956482,
      "rev_growth_yoy_accel": -0.020127694746860075,
      "fcf_margin_change": -0.24109798262987658
    }
  ],
  "signals": [
    {
      "quarter": "2025-06 (Q2)",
      "signal": "FCF MARGIN EXPANSION",
      "detail": "FCF margin: +66.7% -> +93.8% (+27.1%)",
      "severity": "MEDIUM"
    },
    {
      "quarter": "2025-06 (Q2)",
      "signal": "YoY REVENUE GROWTH ACCELERATION",
      "detail": "YoY growth: +10.5% vs prior quarter YoY: +5.1% (accel: +5.4%)",
      "severity": "MEDIUM"
    },
    {
      "quarter": "2025-03 (Q1)",
      "signal": "YoY REVENUE GROWTH ACCELERATION",
      "detail": "YoY growth: +5.1% vs prior quarter YoY: -1.5% (accel: +6.7%)",
      "severity": "MEDIUM"
    },
    {
      "quarter": "2024-12 (Q4)",
      "signal": "YoY REVENUE GROWTH ACCELERATION",
      "detail": "YoY growth: -1.5% vs prior quarter YoY: -11.4% (accel: +9.9%)",
      "severity": "MEDIUM"
    },
    {
      "quarter": "2024-09 (Q3)",
      "signal": "FCF MARGIN EXPANSION",
      "detail": "FCF margin: +56.7% -> +70.5% (+13.8%)",
      "severity": "MEDIUM"
    },
    {
      "quarter": "2024-06 (Q2)",
      "signal": "YoY REVENUE GROWTH DECELERATION",
      "detail": "YoY growth: -13.9% vs prior quarter YoY: -8.9% (decel: -5.0%)",
      "severity": "WARNING"
    },
    {
      "quarter": "2024-03 (Q1)",
      "signal": "FCF MARGIN EXPANSION",
      "detail": "FCF margin: +63.2% -> +265.7% (+202.4%)",
      "severity": "MEDIUM"
    },
    {
      "quarter": "2024-03 (Q1)",
      "signal": "YoY REVENUE GROWTH DECELERATION",
      "detail": "YoY growth: -8.9% vs prior quarter YoY: +2.4% (decel: -11.3%)",
      "severity": "WARNING"
    },
    {
      "quarter": "2023-12 (Q4)",
      "signal": "YoY REVENUE GROWTH DECELERATION",
      "detail": "YoY growth: +2.4% vs prior quarter YoY: +16.9% (decel: -14.5%)",
      "severity": "WARNING"
    },
    {
      "quarter": "2023-09 (Q3)",
      "signal": "FCF MARGIN EXPANSION",
      "detail": "FCF margin: +54.7% -> +62.9% (+8.2%)",
      "severity": "MEDIUM"
    },
    {
      "quarter": "2023-09 (Q3)",
      "signal": "YoY REVENUE GROWTH DECELERATION",
      "detail": "YoY growth: +16.9% vs prior quarter YoY: +31.4% (decel: -14.5%)",
      "severity": "WARNING"
    },
    {
      "quarter": "2023-06 (Q2)",
      "signal": "YoY REVENUE GROWTH ACCELERATION",
      "detail": "YoY growth: +31.4% vs prior quarter YoY: +22.8% (accel: +8.6%)",
      "severity": "MEDIUM"
    },
    {
      "quarter": "2023-03 (Q1)",
      "signal": "YoY REVENUE GROWTH ACCELERATION",
      "detail": "YoY growth: +22.8% vs prior quarter YoY: +7.4% (accel: +15.4%)",
      "severity": "HIGH"
    },
    {
      "quarter": "2022-12 (Q4)",
      "signal": "FCF MARGIN EXPANSION",
      "detail": "FCF margin: +66.6% -> +74.8% (+8.1%)",
      "severity": "MEDIUM"
    },
    {
      "quarter": "2022-12 (Q4)",
      "signal": "YoY REVENUE GROWTH DECELERATION",
      "detail": "YoY growth: +7.4% vs prior quarter YoY: +17.8% (decel: -10.4%)",
      "severity": "WARNING"
    },
    {
      "quarter": "2022-09 (Q3)",
      "signal": "FCF MARGIN EXPANSION",
      "detail": "FCF margin: +61.3% -> +66.6% (+5.4%)",
      "severity": "MEDIUM"
    },
    {
      "quarter": "2022-09 (Q3)",
      "signal": "YoY REVENUE GROWTH ACCELERATION",
      "detail": "YoY growth: +17.8% vs prior quarter YoY: +7.7% (accel: +10.0%)",
      "severity": "MEDIUM"
    },
    {
      "quarter": "2022-03 (Q1)",
      "signal": "YoY REVENUE GROWTH DECELERATION",
      "detail": "YoY growth: +12.0% vs prior quarter YoY: +22.0% (decel: -10.0%)",
      "severity": "WARNING"
    },
    {
      "quarter": "2021-12 (Q4)",
      "signal": "FCF MARGIN EXPANSION",
      "detail": "FCF margin: +69.6% -> +80.3% (+10.7%)",
      "severity": "MEDIUM"
    },
    {
      "quarter": "2021-12 (Q4)",
      "signal": "OPERATING LEVERAGE",
      "detail": "Rev growth +15.1% vs OpEx growth +6.7% (leverage: 2.3x)",
      "severity": "MEDIUM"
    },
    {
      "quarter": "2021-06 (Q2)",
      "signal": "FCF MARGIN EXPANSION",
      "detail": "FCF margin: +60.6% -> +65.8% (+5.2%)",
      "severity": "MEDIUM"
    }
  ],
  "data_quality": {
    "n_quarters": 20,
    "coverage": {
      "revenue": [
        20,
        20
      ],
      "gross_profit": [
        13,
        20
      ],
      "op_income": [
        0,
        20
      ],
      "fcf": [
        20,
        20
      ]
    },
    "gaps": [],
    "warnings": [
      "gross_profit: 13/20Q",
      "op_income: no data"
    ]
  },
  "market_cap": null,
  "source": "SEC EDGAR",
  "last_updated": "2026-02-02T20:25:54.069010"
}