{
  "ticker": "WRB-PG",
  "name": "W. R. BERKLEY CORP",
  "quarters": [
    {
      "date": "2020-12-31T00:00:00",
      "quarter_label": "2020-12 (Q4)",
      "revenue": 2312471000,
      "gross_profit": null,
      "operating_income": null,
      "net_income": 312150000,
      "opex": null,
      "cogs": null,
      "rd": null,
      "sga": null,
      "fcf": 479741000,
      "ocf": 479741000,
      "capex": null,
      "gross_margin": null,
      "op_margin": null,
      "fcf_margin": 0.20745816920514895
    },
    {
      "date": "2021-03-31T00:00:00",
      "quarter_label": "2021-03 (Q1)",
      "revenue": 2156869000,
      "gross_profit": null,
      "operating_income": null,
      "net_income": 229525000,
      "opex": null,
      "cogs": null,
      "rd": null,
      "sga": null,
      "fcf": 310990000,
      "ocf": 310990000,
      "capex": null,
      "gross_margin": null,
      "op_margin": null,
      "fcf_margin": 0.14418585458829442,
      "fcf_margin_change": -0.06327231461685454
    },
    {
      "date": "2021-06-30T00:00:00",
      "quarter_label": "2021-06 (Q2)",
      "revenue": 2296086000,
      "gross_profit": null,
      "operating_income": null,
      "net_income": 237238000,
      "opex": null,
      "cogs": null,
      "rd": null,
      "sga": null,
      "fcf": 384819000,
      "ocf": 384819000,
      "capex": null,
      "gross_margin": null,
      "op_margin": null,
      "fcf_margin": 0.16759781645809435,
      "fcf_margin_change": 0.023411961869799935
    },
    {
      "date": "2021-09-30T00:00:00",
      "quarter_label": "2021-09 (Q3)",
      "revenue": 2424283000,
      "gross_profit": null,
      "operating_income": null,
      "net_income": 261297000,
      "opex": null,
      "cogs": null,
      "rd": null,
      "sga": null,
      "fcf": 828585000,
      "ocf": 828585000,
      "capex": null,
      "gross_margin": null,
      "op_margin": null,
      "fcf_margin": 0.3417855918636562,
      "fcf_margin_change": 0.17418777540556185
    },
    {
      "date": "2021-12-31T00:00:00",
      "quarter_label": "2021-12 (Q4)",
      "revenue": 2578228000,
      "gross_profit": null,
      "operating_income": null,
      "net_income": 294430000,
      "opex": null,
      "cogs": null,
      "rd": null,
      "sga": null,
      "fcf": 659593000,
      "ocf": 659593000,
      "capex": null,
      "gross_margin": null,
      "op_margin": null,
      "fcf_margin": 0.2558319124608064,
      "rev_growth_yoy": 0.11492338714734153,
      "fcf_margin_change": -0.08595367940284981
    },
    {
      "date": "2022-03-31T00:00:00",
      "quarter_label": "2022-03 (Q1)",
      "revenue": 2915409000,
      "gross_profit": null,
      "operating_income": null,
      "net_income": 590638000,
      "opex": null,
      "cogs": null,
      "rd": null,
      "sga": null,
      "fcf": 477682000,
      "ocf": 477682000,
      "capex": null,
      "gross_margin": null,
      "op_margin": null,
      "fcf_margin": 0.16384733668586465,
      "rev_growth_yoy": 0.35168570738417587,
      "rev_growth_yoy_accel": 0.23676232023683436,
      "fcf_margin_change": -0.09198457577494173
    },
    {
      "date": "2022-06-30T00:00:00",
      "quarter_label": "2022-06 (Q2)",
      "revenue": 2512887000,
      "gross_profit": null,
      "operating_income": null,
      "net_income": 179322000,
      "opex": null,
      "cogs": null,
      "rd": null,
      "sga": null,
      "fcf": 527971000,
      "ocf": 527971000,
      "capex": null,
      "gross_margin": null,
      "op_margin": null,
      "fcf_margin": 0.21010534894724672,
      "rev_growth_yoy": 0.09442198593606685,
      "rev_growth_yoy_accel": -0.25726372144810905,
      "fcf_margin_change": 0.04625801226138207
    },
    {
      "date": "2022-09-30T00:00:00",
      "quarter_label": "2022-09 (Q3)",
      "revenue": 2724400000,
      "gross_profit": null,
      "operating_income": null,
      "net_income": 228879000,
      "opex": null,
      "cogs": null,
      "rd": null,
      "sga": null,
      "fcf": 767650000,
      "ocf": 767650000,
      "capex": null,
      "gross_margin": null,
      "op_margin": null,
      "fcf_margin": 0.28176846278079576,
      "rev_growth_yoy": 0.12379619046126215,
      "rev_growth_yoy_accel": 0.029374204525195305,
      "fcf_margin_change": 0.07166311383354904
    },
    {
      "date": "2022-12-31T00:00:00",
      "quarter_label": "2022-12 (Q4)",
      "revenue": 3013802000,
      "gross_profit": null,
      "operating_income": null,
      "net_income": 382223000,
      "opex": null,
      "cogs": null,
      "rd": null,
      "sga": null,
      "fcf": 795301000,
      "ocf": 795301000,
      "capex": null,
      "gross_margin": null,
      "op_margin": null,
      "fcf_margin": 0.26388628051876,
      "rev_growth_yoy": 0.1689431656160743,
      "rev_growth_yoy_accel": 0.045146975154812155,
      "fcf_margin_change": -0.01788218226203575
    },
    {
      "date": "2023-03-31T00:00:00",
      "quarter_label": "2023-03 (Q1)",
      "revenue": 2895004000,
      "gross_profit": null,
      "operating_income": null,
      "net_income": 294126000,
      "opex": null,
      "cogs": null,
      "rd": null,
      "sga": null,
      "fcf": 445323000,
      "ocf": 445323000,
      "capex": null,
      "gross_margin": null,
      "op_margin": null,
      "fcf_margin": 0.1538246579279338,
      "rev_growth_yoy": -0.006999017976551489,
      "rev_growth_yoy_accel": -0.1759421835926258,
      "fcf_margin_change": -0.11006162259082622
    },
    {
      "date": "2023-06-30T00:00:00",
      "quarter_label": "2023-06 (Q2)",
      "revenue": 2995914000,
      "gross_profit": null,
      "operating_income": null,
      "net_income": 356308000,
      "opex": null,
      "cogs": null,
      "rd": null,
      "sga": null,
      "fcf": 708746000,
      "ocf": 708746000,
      "capex": null,
      "gross_margin": null,
      "op_margin": null,
      "fcf_margin": 0.23657087620005113,
      "rev_growth_yoy": 0.19221994462942424,
      "rev_growth_yoy_accel": 0.1992189626059757,
      "fcf_margin_change": 0.08274621827211734
    },
    {
      "date": "2023-09-30T00:00:00",
      "quarter_label": "2023-09 (Q3)",
      "revenue": 3030638000,
      "gross_profit": null,
      "operating_income": null,
      "net_income": 333586000,
      "opex": null,
      "cogs": null,
      "rd": null,
      "sga": null,
      "fcf": 1077093000,
      "ocf": 1077093000,
      "capex": null,
      "gross_margin": null,
      "op_margin": null,
      "fcf_margin": 0.3554014039288097,
      "rev_growth_yoy": 0.11240566730289238,
      "rev_growth_yoy_accel": -0.07981427732653186,
      "fcf_margin_change": 0.11883052772875857
    },
    {
      "date": "2023-12-31T00:00:00",
      "quarter_label": "2023-12 (Q4)",
      "revenue": 3221382000,
      "gross_profit": null,
      "operating_income": null,
      "net_income": 397339000,
      "opex": null,
      "cogs": null,
      "rd": null,
      "sga": null,
      "fcf": 698076000,
      "ocf": 698076000,
      "capex": null,
      "gross_margin": null,
      "op_margin": null,
      "fcf_margin": 0.2167007824592054,
      "rev_growth_yoy": 0.06887645571938701,
      "rev_growth_yoy_accel": -0.04352921158350537,
      "fcf_margin_change": -0.1387006214696043
    },
    {
      "date": "2024-03-31T00:00:00",
      "quarter_label": "2024-03 (Q1)",
      "revenue": 3256773000,
      "gross_profit": null,
      "operating_income": null,
      "net_income": 442471000,
      "opex": null,
      "cogs": null,
      "rd": null,
      "sga": null,
      "fcf": 746235000,
      "ocf": 746235000,
      "capex": null,
      "gross_margin": null,
      "op_margin": null,
      "fcf_margin": 0.22913325552625252,
      "rev_growth_yoy": 0.1249632124860622,
      "rev_growth_yoy_accel": 0.05608675676667518,
      "fcf_margin_change": 0.012432473067047117
    },
    {
      "date": "2024-06-30T00:00:00",
      "quarter_label": "2024-06 (Q2)",
      "revenue": 3314032000,
      "gross_profit": null,
      "operating_income": null,
      "net_income": 371909000,
      "opex": null,
      "cogs": null,
      "rd": null,
      "sga": null,
      "fcf": 881330000,
      "ocf": 881330000,
      "capex": null,
      "gross_margin": null,
      "op_margin": null,
      "fcf_margin": 0.2659388925634997,
      "rev_growth_yoy": 0.10618395588124359,
      "rev_growth_yoy_accel": -0.018779256604818606,
      "fcf_margin_change": 0.03680563703724715
    },
    {
      "date": "2024-09-30T00:00:00",
      "quarter_label": "2024-09 (Q3)",
      "revenue": 3400379000,
      "gross_profit": null,
      "operating_income": null,
      "net_income": 365634000,
      "opex": null,
      "cogs": null,
      "rd": null,
      "sga": null,
      "fcf": 1240770000,
      "ocf": 1240770000,
      "capex": null,
      "gross_margin": null,
      "op_margin": null,
      "fcf_margin": 0.36489167825115965,
      "rev_growth_yoy": 0.12200104400459573,
      "rev_growth_yoy_accel": 0.01581708812335214,
      "fcf_margin_change": 0.09895278568765997
    },
    {
      "date": "2024-12-31T00:00:00",
      "quarter_label": "2024-12 (Q4)",
      "revenue": 3667568000,
      "gross_profit": null,
      "operating_income": null,
      "net_income": 576101000,
      "opex": null,
      "cogs": null,
      "rd": null,
      "sga": null,
      "fcf": 810033000,
      "ocf": 810033000,
      "capex": null,
      "gross_margin": null,
      "op_margin": null,
      "fcf_margin": 0.22086379857169655,
      "rev_growth_yoy": 0.13850763430105464,
      "rev_growth_yoy_accel": 0.016506590296458915,
      "fcf_margin_change": -0.1440278796794631
    },
    {
      "date": "2025-03-31T00:00:00",
      "quarter_label": "2025-03 (Q1)",
      "revenue": 3547399000,
      "gross_profit": null,
      "operating_income": null,
      "net_income": 417571000,
      "opex": null,
      "cogs": null,
      "rd": null,
      "sga": null,
      "fcf": 743817000,
      "ocf": 743817000,
      "capex": null,
      "gross_margin": null,
      "op_margin": null,
      "fcf_margin": 0.20967954267337843,
      "rev_growth_yoy": 0.08923741384493178,
      "rev_growth_yoy_accel": -0.049270220456122865,
      "fcf_margin_change": -0.011184255898318118
    },
    {
      "date": "2025-06-30T00:00:00",
      "quarter_label": "2025-06 (Q2)",
      "revenue": 3670808000,
      "gross_profit": null,
      "operating_income": null,
      "net_income": 401288000,
      "opex": null,
      "cogs": null,
      "rd": null,
      "sga": null,
      "fcf": 703807000,
      "ocf": 703807000,
      "capex": null,
      "gross_margin": null,
      "op_margin": null,
      "fcf_margin": 0.19173081239879614,
      "rev_growth_yoy": 0.10765617230008642,
      "rev_growth_yoy_accel": 0.018418758455154643,
      "fcf_margin_change": -0.017948730274582297
    },
    {
      "date": "2025-09-30T00:00:00",
      "quarter_label": "2025-09 (Q3)",
      "revenue": 3768236000,
      "gross_profit": null,
      "operating_income": null,
      "net_income": 511032000,
      "opex": null,
      "cogs": null,
      "rd": null,
      "sga": null,
      "fcf": 1139860000,
      "ocf": 1139860000,
      "capex": null,
      "gross_margin": null,
      "op_margin": null,
      "fcf_margin": 0.3024916698423347,
      "rev_growth_yoy": 0.10818117627476231,
      "rev_growth_yoy_accel": 0.0005250039746758917,
      "fcf_margin_change": 0.11076085744353859
    }
  ],
  "signals": [
    {
      "quarter": "2025-09 (Q3)",
      "signal": "FCF MARGIN EXPANSION",
      "detail": "FCF margin: +19.2% -> +30.2% (+11.1%)",
      "severity": "MEDIUM"
    },
    {
      "quarter": "2024-09 (Q3)",
      "signal": "FCF MARGIN EXPANSION",
      "detail": "FCF margin: +26.6% -> +36.5% (+9.9%)",
      "severity": "MEDIUM"
    },
    {
      "quarter": "2024-03 (Q1)",
      "signal": "YoY REVENUE GROWTH ACCELERATION",
      "detail": "YoY growth: +12.5% vs prior quarter YoY: +6.9% (accel: +5.6%)",
      "severity": "MEDIUM"
    },
    {
      "quarter": "2023-09 (Q3)",
      "signal": "FCF MARGIN EXPANSION",
      "detail": "FCF margin: +23.7% -> +35.5% (+11.9%)",
      "severity": "MEDIUM"
    },
    {
      "quarter": "2023-09 (Q3)",
      "signal": "YoY REVENUE GROWTH DECELERATION",
      "detail": "YoY growth: +11.2% vs prior quarter YoY: +19.2% (decel: -8.0%)",
      "severity": "WARNING"
    },
    {
      "quarter": "2023-06 (Q2)",
      "signal": "FCF MARGIN EXPANSION",
      "detail": "FCF margin: +15.4% -> +23.7% (+8.3%)",
      "severity": "MEDIUM"
    },
    {
      "quarter": "2023-06 (Q2)",
      "signal": "YoY REVENUE GROWTH ACCELERATION",
      "detail": "YoY growth: +19.2% vs prior quarter YoY: -0.7% (accel: +19.9%)",
      "severity": "HIGH"
    },
    {
      "quarter": "2023-03 (Q1)",
      "signal": "YoY REVENUE GROWTH DECELERATION",
      "detail": "YoY growth: -0.7% vs prior quarter YoY: +16.9% (decel: -17.6%)",
      "severity": "WARNING"
    },
    {
      "quarter": "2022-09 (Q3)",
      "signal": "FCF MARGIN EXPANSION",
      "detail": "FCF margin: +21.0% -> +28.2% (+7.2%)",
      "severity": "MEDIUM"
    },
    {
      "quarter": "2022-06 (Q2)",
      "signal": "YoY REVENUE GROWTH DECELERATION",
      "detail": "YoY growth: +9.4% vs prior quarter YoY: +35.2% (decel: -25.7%)",
      "severity": "WARNING"
    },
    {
      "quarter": "2022-03 (Q1)",
      "signal": "YoY REVENUE GROWTH ACCELERATION",
      "detail": "YoY growth: +35.2% vs prior quarter YoY: +11.5% (accel: +23.7%)",
      "severity": "HIGH"
    },
    {
      "quarter": "2021-09 (Q3)",
      "signal": "FCF MARGIN EXPANSION",
      "detail": "FCF margin: +16.8% -> +34.2% (+17.4%)",
      "severity": "MEDIUM"
    }
  ],
  "data_quality": {
    "n_quarters": 20,
    "coverage": {
      "revenue": [
        20,
        20
      ],
      "gross_profit": [
        0,
        20
      ],
      "op_income": [
        0,
        20
      ],
      "fcf": [
        20,
        20
      ]
    },
    "gaps": [],
    "warnings": [
      "gross_profit: no data",
      "op_income: no data"
    ]
  },
  "market_cap": null,
  "source": "SEC EDGAR",
  "last_updated": "2026-02-03T01:08:07.591259"
}