{
  "ticker": "WRLD",
  "name": "WORLD ACCEPTANCE CORPORATION",
  "sector": "Financial Services",
  "industry": "Credit Services",
  "quarters": [
    {
      "date": "2021-03-31T00:00:00",
      "quarter_label": "2021-03 (Q1)",
      "revenue": 146280000,
      "gross_profit": null,
      "operating_income": null,
      "net_income": 44884000,
      "opex": 89986582,
      "cogs": null,
      "rd": null,
      "sga": null,
      "fcf": 92846756,
      "ocf": 95545025,
      "capex": -2698269,
      "gross_margin": null,
      "op_margin": null,
      "fcf_margin": 0.6347194148208914
    },
    {
      "date": "2021-06-30T00:00:00",
      "quarter_label": "2021-06 (Q2)",
      "revenue": 129659378,
      "gross_profit": null,
      "operating_income": null,
      "net_income": 15770828,
      "opex": 109118080,
      "cogs": null,
      "rd": null,
      "sga": null,
      "fcf": 48068513,
      "ocf": 48984095,
      "capex": -915582,
      "gross_margin": null,
      "op_margin": null,
      "fcf_margin": 0.3707291654599793,
      "fcf_margin_change": -0.26399024936091214
    },
    {
      "date": "2021-09-30T00:00:00",
      "quarter_label": "2021-09 (Q3)",
      "revenue": 137826884,
      "gross_profit": null,
      "operating_income": null,
      "net_income": 12440092,
      "opex": 123746038,
      "cogs": null,
      "rd": null,
      "sga": null,
      "fcf": 55549852,
      "ocf": 58016751,
      "capex": -2466899,
      "gross_margin": null,
      "op_margin": null,
      "fcf_margin": 0.40304075945009393,
      "op_leverage_ratio": 0.469892528163949,
      "fcf_margin_change": 0.03231159399011463
    },
    {
      "date": "2021-12-31T00:00:00",
      "quarter_label": "2021-12 (Q4)",
      "revenue": 148571811,
      "gross_profit": null,
      "operating_income": null,
      "net_income": 7326732,
      "opex": 140854137,
      "cogs": null,
      "rd": null,
      "sga": null,
      "fcf": 59308023,
      "ocf": 60406448,
      "capex": -1098425,
      "gross_margin": null,
      "op_margin": null,
      "fcf_margin": 0.3991875888219468,
      "op_leverage_ratio": 0.5638960855056938,
      "fcf_margin_change": -0.0038531706281471068
    },
    {
      "date": "2022-03-31T00:00:00",
      "quarter_label": "2022-03 (Q1)",
      "revenue": 166329000,
      "gross_profit": null,
      "operating_income": null,
      "net_income": 18382000,
      "opex": 143089971,
      "cogs": null,
      "rd": null,
      "sga": null,
      "fcf": 103449739,
      "ocf": 105039247,
      "capex": -1589508,
      "gross_margin": null,
      "op_margin": null,
      "fcf_margin": 0.621958521965502,
      "rev_growth_yoy": 0.13705906480721902,
      "op_leverage_ratio": 7.529529704611757,
      "fcf_margin_change": 0.22277093314355523
    },
    {
      "date": "2022-06-30T00:00:00",
      "quarter_label": "2022-06 (Q2)",
      "revenue": 157594668,
      "gross_profit": null,
      "operating_income": null,
      "net_income": -8802893,
      "opex": 169846922,
      "cogs": null,
      "rd": null,
      "sga": null,
      "fcf": 56824360,
      "ocf": 58177495,
      "capex": -1353135,
      "gross_margin": null,
      "op_margin": null,
      "fcf_margin": 0.3605728589751526,
      "rev_growth_yoy": 0.21545136519164854,
      "rev_growth_yoy_accel": 0.07839230038442951,
      "fcf_margin_change": -0.26138566299034943
    },
    {
      "date": "2022-09-30T00:00:00",
      "quarter_label": "2022-09 (Q3)",
      "revenue": 151226168,
      "gross_profit": null,
      "operating_income": null,
      "net_income": -1365964,
      "opex": 152838393,
      "cogs": null,
      "rd": null,
      "sga": null,
      "fcf": 76701271,
      "ocf": 78480169,
      "capex": -1778898,
      "gross_margin": null,
      "op_margin": null,
      "fcf_margin": 0.5071957586070686,
      "rev_growth_yoy": 0.09721821760114667,
      "rev_growth_yoy_accel": -0.11823314759050187,
      "fcf_margin_change": 0.14662289963191594
    },
    {
      "date": "2022-12-31T00:00:00",
      "quarter_label": "2022-12 (Q4)",
      "revenue": 146496460,
      "gross_profit": null,
      "operating_income": null,
      "net_income": 5758974,
      "opex": 140118350,
      "cogs": null,
      "rd": null,
      "sga": null,
      "fcf": 67830088,
      "ocf": 69215864,
      "capex": -1385776,
      "gross_margin": null,
      "op_margin": null,
      "fcf_margin": 0.46301520186904177,
      "rev_growth_yoy": -0.013968672697945373,
      "rev_growth_yoy_accel": -0.11118689029909204,
      "fcf_margin_change": -0.04418055673802679
    },
    {
      "date": "2023-03-31T00:00:00",
      "quarter_label": "2023-03 (Q1)",
      "revenue": 160837000,
      "gross_profit": null,
      "operating_income": null,
      "net_income": 25643000,
      "opex": 126595926,
      "cogs": null,
      "rd": null,
      "sga": null,
      "fcf": 84370294,
      "ocf": 85680258,
      "capex": -1309964,
      "gross_margin": null,
      "op_margin": null,
      "fcf_margin": 0.5245701797471974,
      "rev_growth_yoy": -0.03301889628387112,
      "rev_growth_yoy_accel": -0.019050223585925747,
      "op_leverage_ratio": null,
      "fcf_margin_change": 0.06155497787815567
    },
    {
      "date": "2023-06-30T00:00:00",
      "quarter_label": "2023-06 (Q2)",
      "revenue": 139323791,
      "gross_profit": null,
      "operating_income": null,
      "net_income": 9538748,
      "opex": 126969465,
      "cogs": null,
      "rd": null,
      "sga": null,
      "fcf": 58068000,
      "ocf": 59726199,
      "capex": -1658199,
      "gross_margin": null,
      "op_margin": null,
      "fcf_margin": 0.4167845246186274,
      "rev_growth_yoy": -0.11593588305919081,
      "rev_growth_yoy_accel": -0.0829169867753197,
      "fcf_margin_change": -0.10778565512857002
    },
    {
      "date": "2023-09-30T00:00:00",
      "quarter_label": "2023-09 (Q3)",
      "revenue": 136875321,
      "gross_profit": null,
      "operating_income": null,
      "net_income": 16082419,
      "opex": 115953816,
      "cogs": null,
      "rd": null,
      "sga": null,
      "fcf": 61819041,
      "ocf": 63359749,
      "capex": -1540708,
      "gross_margin": null,
      "op_margin": null,
      "fcf_margin": 0.4516449024437356,
      "rev_growth_yoy": -0.09489658562266816,
      "rev_growth_yoy_accel": 0.02103929743652265,
      "fcf_margin_change": 0.0348603778251082
    },
    {
      "date": "2023-12-31T00:00:00",
      "quarter_label": "2023-12 (Q4)",
      "revenue": 137749387,
      "gross_profit": null,
      "operating_income": null,
      "net_income": 16664818,
      "opex": 118231225,
      "cogs": null,
      "rd": null,
      "sga": null,
      "fcf": 57663459,
      "ocf": 58883997,
      "capex": -1220538,
      "gross_margin": null,
      "op_margin": null,
      "fcf_margin": 0.4186113655808864,
      "rev_growth_yoy": -0.05970842571895594,
      "rev_growth_yoy_accel": 0.03518815990371222,
      "fcf_margin_change": -0.03303353686284921
    },
    {
      "date": "2024-03-31T00:00:00",
      "quarter_label": "2024-03 (Q1)",
      "revenue": 159265000,
      "gross_profit": null,
      "operating_income": null,
      "net_income": 35058000,
      "opex": 112651160,
      "cogs": null,
      "rd": null,
      "sga": null,
      "fcf": 82300118,
      "ocf": 83813421,
      "capex": -1513303,
      "gross_margin": null,
      "op_margin": null,
      "fcf_margin": 0.5167495557718268,
      "rev_growth_yoy": -0.009773870440259394,
      "rev_growth_yoy_accel": 0.049934555278696544,
      "op_leverage_ratio": null,
      "fcf_margin_change": 0.09813819019094039
    },
    {
      "date": "2024-06-30T00:00:00",
      "quarter_label": "2024-06 (Q2)",
      "revenue": 129527266,
      "gross_profit": null,
      "operating_income": null,
      "net_income": 9947427,
      "opex": 116600102,
      "cogs": null,
      "rd": null,
      "sga": null,
      "fcf": 47327286,
      "ocf": 48410927,
      "capex": -1083641,
      "gross_margin": null,
      "op_margin": null,
      "fcf_margin": 0.36538473683216627,
      "rev_growth_yoy": -0.07031480359302024,
      "rev_growth_yoy_accel": -0.060540933152760844,
      "fcf_margin_change": -0.15136481893966053
    },
    {
      "date": "2024-09-30T00:00:00",
      "quarter_label": "2024-09 (Q3)",
      "revenue": 131409504,
      "gross_profit": null,
      "operating_income": null,
      "net_income": 22128158,
      "opex": 103481357,
      "cogs": null,
      "rd": null,
      "sga": null,
      "fcf": 52719382,
      "ocf": 53764550,
      "capex": -1045168,
      "gross_margin": null,
      "op_margin": null,
      "fcf_margin": 0.4011839356763724,
      "rev_growth_yoy": -0.03993281593838235,
      "rev_growth_yoy_accel": 0.03038198765463789,
      "op_leverage_ratio": null,
      "fcf_margin_change": 0.035799198844206126
    },
    {
      "date": "2024-12-31T00:00:00",
      "quarter_label": "2024-12 (Q4)",
      "revenue": 138632753,
      "gross_profit": null,
      "operating_income": null,
      "net_income": 13388296,
      "opex": 122620277,
      "cogs": null,
      "rd": null,
      "sga": null,
      "fcf": 60415593,
      "ocf": 61101221,
      "capex": -685628,
      "gross_margin": null,
      "op_margin": null,
      "fcf_margin": 0.43579595508717917,
      "rev_growth_yoy": 0.0064128488644381405,
      "rev_growth_yoy_accel": 0.046345664802820485,
      "op_leverage_ratio": 0.2972011586061731,
      "fcf_margin_change": 0.03461201941080677
    },
    {
      "date": "2025-03-31T00:00:00",
      "quarter_label": "2025-03 (Q1)",
      "revenue": 165272000,
      "gross_profit": null,
      "operating_income": null,
      "net_income": 44278000,
      "opex": 110154352,
      "cogs": null,
      "rd": null,
      "sga": null,
      "fcf": 90017557,
      "ocf": 90886904,
      "capex": -869347,
      "gross_margin": null,
      "op_margin": null,
      "fcf_margin": 0.5446630826758314,
      "rev_growth_yoy": 0.037717012526292656,
      "rev_growth_yoy_accel": 0.03130416366185452,
      "op_leverage_ratio": null,
      "fcf_margin_change": 0.10886712758865225
    },
    {
      "date": "2025-06-30T00:00:00",
      "quarter_label": "2025-06 (Q2)",
      "revenue": 132451920,
      "gross_profit": null,
      "operating_income": null,
      "net_income": 1344067,
      "opex": 130506104,
      "cogs": null,
      "rd": null,
      "sga": null,
      "fcf": 57114160,
      "ocf": 58153047,
      "capex": -1038887,
      "gross_margin": null,
      "op_margin": null,
      "fcf_margin": 0.431206735244004,
      "rev_growth_yoy": 0.022579446708926906,
      "rev_growth_yoy_accel": -0.01513756581736575,
      "fcf_margin_change": -0.11345634743182742
    },
    {
      "date": "2025-09-30T00:00:00",
      "quarter_label": "2025-09 (Q3)",
      "revenue": 134465850,
      "gross_profit": null,
      "operating_income": null,
      "net_income": -1946197,
      "opex": 136151892,
      "cogs": null,
      "rd": null,
      "sga": null,
      "fcf": 47711665,
      "ocf": 48629641,
      "capex": -917976,
      "gross_margin": null,
      "op_margin": null,
      "fcf_margin": 0.35482365968757124,
      "rev_growth_yoy": 0.023258180778157417,
      "rev_growth_yoy_accel": 0.0006787340692305105,
      "op_leverage_ratio": 0.3514733264740979,
      "fcf_margin_change": -0.07638307555643276
    },
    {
      "date": "2025-12-31T00:00:00",
      "quarter_label": "2025-12 (Q4)",
      "revenue": 141252129,
      "gross_profit": null,
      "operating_income": null,
      "net_income": -911330,
      "opex": 142265504,
      "cogs": null,
      "rd": null,
      "sga": null,
      "fcf": 57163474,
      "ocf": 57971410,
      "capex": -807936,
      "gross_margin": null,
      "op_margin": null,
      "fcf_margin": 0.404691061329065,
      "rev_growth_yoy": 0.01889435175538929,
      "rev_growth_yoy_accel": -0.004363829022768127,
      "op_leverage_ratio": 1.123946183675981,
      "fcf_margin_change": 0.04986740164149378
    }
  ],
  "signals": [
    {
      "quarter": "2025-03 (Q1)",
      "signal": "FCF MARGIN EXPANSION",
      "detail": "FCF margin: +43.6% -> +54.5% (+10.9%)",
      "severity": "MEDIUM"
    },
    {
      "quarter": "2024-06 (Q2)",
      "signal": "YoY REVENUE GROWTH DECELERATION",
      "detail": "YoY growth: -7.0% vs prior quarter YoY: -1.0% (decel: -6.1%)",
      "severity": "WARNING"
    },
    {
      "quarter": "2024-03 (Q1)",
      "signal": "FCF MARGIN EXPANSION",
      "detail": "FCF margin: +41.9% -> +51.7% (+9.8%)",
      "severity": "MEDIUM"
    },
    {
      "quarter": "2023-06 (Q2)",
      "signal": "YoY REVENUE GROWTH DECELERATION",
      "detail": "YoY growth: -11.6% vs prior quarter YoY: -3.3% (decel: -8.3%)",
      "severity": "WARNING"
    },
    {
      "quarter": "2023-03 (Q1)",
      "signal": "FCF MARGIN EXPANSION",
      "detail": "FCF margin: +46.3% -> +52.5% (+6.2%)",
      "severity": "MEDIUM"
    },
    {
      "quarter": "2022-12 (Q4)",
      "signal": "YoY REVENUE GROWTH DECELERATION",
      "detail": "YoY growth: -1.4% vs prior quarter YoY: +9.7% (decel: -11.1%)",
      "severity": "WARNING"
    },
    {
      "quarter": "2022-09 (Q3)",
      "signal": "FCF MARGIN EXPANSION",
      "detail": "FCF margin: +36.1% -> +50.7% (+14.7%)",
      "severity": "MEDIUM"
    },
    {
      "quarter": "2022-09 (Q3)",
      "signal": "YoY REVENUE GROWTH DECELERATION",
      "detail": "YoY growth: +9.7% vs prior quarter YoY: +21.5% (decel: -11.8%)",
      "severity": "WARNING"
    },
    {
      "quarter": "2022-06 (Q2)",
      "signal": "YoY REVENUE GROWTH ACCELERATION",
      "detail": "YoY growth: +21.5% vs prior quarter YoY: +13.7% (accel: +7.8%)",
      "severity": "MEDIUM"
    },
    {
      "quarter": "2022-03 (Q1)",
      "signal": "FCF MARGIN EXPANSION",
      "detail": "FCF margin: +39.9% -> +62.2% (+22.3%)",
      "severity": "MEDIUM"
    },
    {
      "quarter": "2022-03 (Q1)",
      "signal": "OPERATING LEVERAGE",
      "detail": "Rev growth +12.0% vs OpEx growth +1.6% (leverage: 7.5x)",
      "severity": "MEDIUM"
    }
  ],
  "data_quality": {
    "n_quarters": 20,
    "coverage": {
      "revenue": [
        20,
        20
      ],
      "gross_profit": [
        0,
        20
      ],
      "op_income": [
        0,
        20
      ],
      "fcf": [
        20,
        20
      ]
    },
    "gaps": [],
    "warnings": [
      "gross_profit: no data",
      "op_income: no data"
    ]
  },
  "market_cap": null,
  "source": "SEC EDGAR",
  "last_updated": "2026-02-24T11:09:46.586058"
}