{
  "ticker": "WSC",
  "name": "WILLSCOT HOLDINGS CORPORATION",
  "quarters": [
    {
      "date": "2020-12-31T00:00:00",
      "quarter_label": "2020-12 (Q4)",
      "revenue": 437647000,
      "gross_profit": 234255000,
      "operating_income": 91263000,
      "net_income": 46468000,
      "opex": 142992000,
      "cogs": null,
      "rd": null,
      "sga": 119357000,
      "fcf": 122342000,
      "ocf": 129717000,
      "capex": -7375000,
      "gross_margin": 0.5352601525887302,
      "op_margin": 0.20853107641546725,
      "fcf_margin": 0.27954493004636155
    },
    {
      "date": "2021-03-31T00:00:00",
      "quarter_label": "2021-03 (Q1)",
      "revenue": 425323000,
      "gross_profit": 213380000,
      "operating_income": 75284000,
      "net_income": 4447000,
      "opex": 138096000,
      "cogs": null,
      "rd": null,
      "sga": 116485000,
      "fcf": 114764000,
      "ocf": 122071000,
      "capex": -7307000,
      "gross_margin": 0.5016893043639775,
      "op_margin": 0.17700430026121325,
      "fcf_margin": 0.26982787199375535,
      "fcf_margin_change": -0.009717058052606198
    },
    {
      "date": "2021-06-30T00:00:00",
      "quarter_label": "2021-06 (Q2)",
      "revenue": 461102000,
      "gross_profit": 222810000,
      "operating_income": 70615000,
      "net_income": 20371000,
      "opex": 152195000,
      "cogs": null,
      "rd": null,
      "sga": 122387000,
      "fcf": 129394000,
      "ocf": 139537000,
      "capex": -10143000,
      "gross_margin": 0.4832119574410868,
      "op_margin": 0.15314398983305214,
      "fcf_margin": 0.2806190387376329,
      "op_leverage_ratio": 0.8239523910768709,
      "fcf_margin_change": 0.010791166743877534
    },
    {
      "date": "2021-09-30T00:00:00",
      "quarter_label": "2021-09 (Q3)",
      "revenue": 490552000,
      "gross_profit": 253549000,
      "operating_income": 96948000,
      "net_income": 61103000,
      "opex": 156601000,
      "cogs": null,
      "rd": null,
      "sga": 133424000,
      "fcf": 127061000,
      "ocf": 130447000,
      "capex": -3386000,
      "gross_margin": 0.5168646748968508,
      "op_margin": 0.19763042450137805,
      "fcf_margin": 0.2590163733916078,
      "op_leverage_ratio": 2.206196469826741,
      "fcf_margin_change": -0.021602665346025063
    },
    {
      "date": "2021-12-31T00:00:00",
      "quarter_label": "2021-12 (Q4)",
      "revenue": 460885000,
      "gross_profit": 246875000,
      "operating_income": 117426000,
      "net_income": 74223000,
      "opex": 129449000,
      "cogs": null,
      "rd": null,
      "sga": 139150000,
      "fcf": 138185000,
      "ocf": 147847000,
      "capex": -9662000,
      "gross_margin": 0.5356542304479426,
      "op_margin": 0.25478373129956494,
      "fcf_margin": 0.2998253360382742,
      "incr_op_margin_yoy": 1.1258714175058095,
      "rev_growth_yoy": 0.05309758778193384,
      "fcf_margin_change": 0.04080896264666639
    },
    {
      "date": "2022-03-31T00:00:00",
      "quarter_label": "2022-03 (Q1)",
      "revenue": 508894000,
      "gross_profit": 266815000,
      "operating_income": 97909000,
      "net_income": 51171000,
      "opex": 168906000,
      "cogs": null,
      "rd": null,
      "sga": 150210000,
      "fcf": 135046000,
      "ocf": 145527000,
      "capex": -10481000,
      "gross_margin": 0.5243036860328477,
      "op_margin": 0.1923956658950587,
      "fcf_margin": 0.26537157050387705,
      "incr_op_margin_yoy": 0.2707278840746192,
      "rev_growth_yoy": 0.1964883159387101,
      "rev_growth_yoy_accel": 0.14339072815677628,
      "op_leverage_ratio": 0.34174701050800765,
      "fcf_margin_change": -0.03445376553439716
    },
    {
      "date": "2022-06-30T00:00:00",
      "quarter_label": "2022-06 (Q2)",
      "revenue": 581642000,
      "gross_profit": 308873000,
      "operating_income": 131661000,
      "net_income": 73376000,
      "opex": 177212000,
      "cogs": null,
      "rd": null,
      "sga": 162164000,
      "fcf": 178554000,
      "ocf": 188326000,
      "capex": -9772000,
      "gross_margin": 0.5310362731714697,
      "op_margin": 0.22636088865659632,
      "fcf_margin": 0.3069826456823957,
      "incr_op_margin_yoy": 0.5064376970300315,
      "rev_growth_yoy": 0.26141721354494235,
      "rev_growth_yoy_accel": 0.06492889760623224,
      "op_leverage_ratio": 2.907012358413662,
      "fcf_margin_change": 0.04161107517851864
    },
    {
      "date": "2022-09-30T00:00:00",
      "quarter_label": "2022-09 (Q3)",
      "revenue": 604173000,
      "gross_profit": 314332000,
      "operating_income": 154112000,
      "net_income": 128593000,
      "opex": 160220000,
      "cogs": null,
      "rd": null,
      "sga": 145444000,
      "fcf": 200385000,
      "ocf": 210385000,
      "capex": -10000000,
      "gross_margin": 0.5202682013264412,
      "op_margin": 0.2550792571002014,
      "fcf_margin": 0.33166824733975203,
      "incr_op_margin_yoy": 0.5031112206370302,
      "rev_growth_yoy": 0.23161866631875927,
      "rev_growth_yoy_accel": -0.02979854722618308,
      "op_leverage_ratio": Infinity,
      "fcf_margin_change": 0.024685601657356337
    },
    {
      "date": "2022-12-31T00:00:00",
      "quarter_label": "2022-12 (Q4)",
      "revenue": 590554000,
      "gross_profit": 328323000,
      "operating_income": 141854000,
      "net_income": 86400000,
      "opex": 186469000,
      "cogs": null,
      "rd": null,
      "sga": 121895000,
      "fcf": 187009000,
      "ocf": 200420000,
      "capex": -13411000,
      "gross_margin": 0.5559576262289307,
      "op_margin": 0.24020496008832384,
      "fcf_margin": 0.31666706177589177,
      "incr_op_margin_yoy": 0.1883873554974589,
      "rev_growth_yoy": 0.28134784165247295,
      "rev_growth_yoy_accel": 0.04972917533371368,
      "fcf_margin_change": -0.015001185563860264
    },
    {
      "date": "2023-03-31T00:00:00",
      "quarter_label": "2023-03 (Q1)",
      "revenue": 565468000,
      "gross_profit": 323128000,
      "operating_income": 151647000,
      "net_income": 210884000,
      "opex": 171481000,
      "cogs": null,
      "rd": null,
      "sga": 150892000,
      "fcf": 142029000,
      "ocf": 148765000,
      "capex": -6736000,
      "gross_margin": 0.5714346346742875,
      "op_margin": 0.26817963173866605,
      "fcf_margin": 0.2511707116936767,
      "incr_op_margin_yoy": 0.9498709654611659,
      "rev_growth_yoy": 0.11117049916092546,
      "rev_growth_yoy_accel": -0.17017734249154748,
      "fcf_margin_change": -0.06549635008221505
    },
    {
      "date": "2023-06-30T00:00:00",
      "quarter_label": "2023-06 (Q2)",
      "revenue": 582089000,
      "gross_profit": 327872000,
      "operating_income": 166540000,
      "net_income": 87729000,
      "opex": 161332000,
      "cogs": null,
      "rd": null,
      "sga": 146810000,
      "fcf": 197702000,
      "ocf": 202155000,
      "capex": -4453000,
      "gross_margin": 0.5632678164335695,
      "op_margin": 0.28610745092245343,
      "fcf_margin": 0.33964221966056735,
      "rev_growth_yoy": 0.0007685139656352189,
      "rev_growth_yoy_accel": -0.11040198519529024,
      "op_leverage_ratio": Infinity,
      "fcf_margin_change": 0.08847150796689063
    },
    {
      "date": "2023-09-30T00:00:00",
      "quarter_label": "2023-09 (Q3)",
      "revenue": 604834000,
      "gross_profit": 339694000,
      "operating_income": 178099000,
      "net_income": 91516000,
      "opex": 161595000,
      "cogs": null,
      "rd": null,
      "sga": 151983000,
      "fcf": 185435000,
      "ocf": 190998000,
      "capex": -5563000,
      "gross_margin": 0.5616317865728447,
      "op_margin": 0.29445930618979754,
      "fcf_margin": 0.30658825396720424,
      "rev_growth_yoy": 0.0010940574967765854,
      "rev_growth_yoy_accel": 0.00032554353114136654,
      "op_leverage_ratio": 23.969629329088722,
      "fcf_margin_change": -0.03305396569336311
    },
    {
      "date": "2023-12-31T00:00:00",
      "quarter_label": "2023-12 (Q4)",
      "revenue": 612376000,
      "gross_profit": 343176000,
      "operating_income": 177173000,
      "net_income": 86328000,
      "opex": 166003000,
      "cogs": null,
      "rd": null,
      "sga": 146405000,
      "fcf": 213837000,
      "ocf": 219322000,
      "capex": -5485000,
      "gross_margin": 0.5604007995087985,
      "op_margin": 0.2893206134793003,
      "fcf_margin": 0.3491923262831986,
      "incr_op_margin_yoy": 1.618504261754193,
      "rev_growth_yoy": 0.036951743617010466,
      "rev_growth_yoy_accel": 0.03585768612023388,
      "op_leverage_ratio": 0.45712678018351693,
      "fcf_margin_change": 0.042604072315994335
    },
    {
      "date": "2024-03-31T00:00:00",
      "quarter_label": "2024-03 (Q1)",
      "revenue": 587181000,
      "gross_profit": 316888000,
      "operating_income": 129946000,
      "net_income": 56240000,
      "opex": 186942000,
      "cogs": null,
      "rd": null,
      "sga": 167568000,
      "fcf": 202122000,
      "ocf": 208676000,
      "capex": -6554000,
      "gross_margin": 0.5396768628412704,
      "op_margin": 0.2213048446731076,
      "fcf_margin": 0.3442243533084347,
      "incr_op_margin_yoy": -0.9994473356975084,
      "rev_growth_yoy": 0.03839828248459683,
      "rev_growth_yoy_accel": 0.001446538867586361,
      "fcf_margin_change": -0.004967972974763868
    },
    {
      "date": "2024-06-30T00:00:00",
      "quarter_label": "2024-06 (Q2)",
      "revenue": 604590000,
      "gross_profit": 327118000,
      "operating_income": -5232000,
      "net_income": -46851000,
      "opex": 332350000,
      "cogs": null,
      "rd": null,
      "sga": 174610000,
      "fcf": 169364000,
      "ocf": 175611000,
      "capex": -6247000,
      "gross_margin": 0.5410575762086703,
      "op_margin": -0.008653798441919318,
      "fcf_margin": 0.28013033626093714,
      "incr_op_margin_yoy": -7.633971823474512,
      "rev_growth_yoy": 0.038655600775826374,
      "rev_growth_yoy_accel": 0.00025731829122954686,
      "op_leverage_ratio": 0.038117149429808164,
      "fcf_margin_change": -0.06409401704749756
    },
    {
      "date": "2024-09-30T00:00:00",
      "quarter_label": "2024-09 (Q3)",
      "revenue": 601432000,
      "gross_profit": 321484000,
      "operating_income": -35218000,
      "net_income": -70475000,
      "opex": 356702000,
      "cogs": null,
      "rd": null,
      "sga": 150865000,
      "fcf": -4880000,
      "ocf": -1562000,
      "capex": -3318000,
      "gross_margin": 0.534530919538701,
      "op_margin": -0.05855691083946315,
      "fcf_margin": -0.008113967996381968,
      "incr_op_margin_yoy": 62.703409758965314,
      "rev_growth_yoy": -0.005624683797537837,
      "rev_growth_yoy_accel": -0.04428028457336421,
      "fcf_margin_change": -0.2882443042573191
    },
    {
      "date": "2024-12-31T00:00:00",
      "quarter_label": "2024-12 (Q4)",
      "revenue": 602515000,
      "gross_profit": 336349000,
      "operating_income": 174419000,
      "net_income": 89215000,
      "opex": 161930000,
      "cogs": null,
      "rd": null,
      "sga": 137662000,
      "fcf": 176603000,
      "ocf": 178919000,
      "capex": -2316000,
      "gross_margin": 0.5582417035260533,
      "op_margin": 0.2894849090894003,
      "fcf_margin": 0.2931097151108271,
      "incr_op_margin_yoy": 0.27928202007909947,
      "rev_growth_yoy": -0.01610285184265876,
      "rev_growth_yoy_accel": -0.010478168045120924,
      "fcf_margin_change": 0.3012236831072091
    },
    {
      "date": "2025-03-31T00:00:00",
      "quarter_label": "2025-03 (Q1)",
      "revenue": 559551000,
      "gross_profit": 300366000,
      "operating_income": 119434000,
      "net_income": 43055000,
      "opex": 180932000,
      "cogs": null,
      "rd": null,
      "sga": 157146000,
      "fcf": 201993000,
      "ocf": 206627000,
      "capex": -4634000,
      "gross_margin": 0.5367982543146201,
      "op_margin": 0.21344613806426938,
      "fcf_margin": 0.36099122332012634,
      "incr_op_margin_yoy": 0.38045602605863194,
      "rev_growth_yoy": -0.047055337281008754,
      "rev_growth_yoy_accel": -0.030952485438349994,
      "fcf_margin_change": 0.06788150820929922
    },
    {
      "date": "2025-06-30T00:00:00",
      "quarter_label": "2025-06 (Q2)",
      "revenue": 589083000,
      "gross_profit": 296070000,
      "operating_income": 126900000,
      "net_income": 47939000,
      "opex": 169170000,
      "cogs": null,
      "rd": null,
      "sga": 145023000,
      "fcf": 199025000,
      "ocf": 205311000,
      "capex": -6286000,
      "gross_margin": 0.5025947107623204,
      "op_margin": 0.2154195588737071,
      "fcf_margin": 0.3378556162713913,
      "incr_op_margin_yoy": -8.520797059392532,
      "rev_growth_yoy": -0.025648786781124398,
      "rev_growth_yoy_accel": 0.021406550499884356,
      "op_leverage_ratio": Infinity,
      "fcf_margin_change": -0.02313560704873502
    },
    {
      "date": "2025-09-30T00:00:00",
      "quarter_label": "2025-09 (Q3)",
      "revenue": 566841000,
      "gross_profit": 281618000,
      "operating_income": 118806000,
      "net_income": 43332000,
      "opex": 162812000,
      "cogs": null,
      "rd": null,
      "sga": 137699000,
      "fcf": 186907000,
      "ocf": 191151000,
      "capex": -4244000,
      "gross_margin": 0.4968200959351917,
      "op_margin": 0.20959316633765024,
      "fcf_margin": 0.3297344405221217,
      "incr_op_margin_yoy": -4.4527189153247955,
      "rev_growth_yoy": -0.05751439896779686,
      "rev_growth_yoy_accel": -0.03186561218667246,
      "fcf_margin_change": -0.008121175749269627
    }
  ],
  "signals": [
    {
      "quarter": "2025-09 (Q3)",
      "signal": "OP MARGIN TURNED POSITIVE (YoY)",
      "detail": "Op margin: -5.9% (year-ago) -> +21.0%",
      "severity": "HIGH"
    },
    {
      "quarter": "2025-06 (Q2)",
      "signal": "OP MARGIN TURNED POSITIVE (YoY)",
      "detail": "Op margin: -0.9% (year-ago) -> +21.5%",
      "severity": "HIGH"
    },
    {
      "quarter": "2025-03 (Q1)",
      "signal": "FCF MARGIN EXPANSION",
      "detail": "FCF margin: +29.3% -> +36.1% (+6.8%)",
      "severity": "MEDIUM"
    },
    {
      "quarter": "2025-03 (Q1)",
      "signal": "INCREMENTAL MARGIN (YoY)",
      "detail": "YoY Incr OPM: +38.0% vs year-ago OPM: +22.1%",
      "severity": "MEDIUM"
    },
    {
      "quarter": "2024-12 (Q4)",
      "signal": "FCF TURNED POSITIVE",
      "detail": "FCF margin: -0.8% -> +29.3%",
      "severity": "HIGH"
    },
    {
      "quarter": "2024-12 (Q4)",
      "signal": "GROSS MARGIN INFLECTION",
      "detail": "GM: +54.1% -> +53.5% -> +55.8% (reversal +2.4%)",
      "severity": "MEDIUM"
    },
    {
      "quarter": "2024-12 (Q4)",
      "signal": "OP MARGIN TURNED POSITIVE (QoQ)",
      "detail": "Op margin: -5.9% -> +28.9%",
      "severity": "HIGH"
    },
    {
      "quarter": "2023-12 (Q4)",
      "signal": "INCREMENTAL MARGIN (YoY)",
      "detail": "YoY Incr OPM: +161.9% vs year-ago OPM: +24.0%",
      "severity": "HIGH"
    },
    {
      "quarter": "2023-09 (Q3)",
      "signal": "OPERATING LEVERAGE",
      "detail": "Rev growth +3.9% vs OpEx growth +0.2% (leverage: 24.0x)",
      "severity": "MEDIUM"
    },
    {
      "quarter": "2023-06 (Q2)",
      "signal": "FCF MARGIN EXPANSION",
      "detail": "FCF margin: +25.1% -> +34.0% (+8.8%)",
      "severity": "MEDIUM"
    },
    {
      "quarter": "2023-06 (Q2)",
      "signal": "YoY REVENUE GROWTH DECELERATION",
      "detail": "YoY growth: +0.1% vs prior quarter YoY: +11.1% (decel: -11.0%)",
      "severity": "WARNING"
    },
    {
      "quarter": "2023-03 (Q1)",
      "signal": "YoY REVENUE GROWTH DECELERATION",
      "detail": "YoY growth: +11.1% vs prior quarter YoY: +28.1% (decel: -17.0%)",
      "severity": "WARNING"
    },
    {
      "quarter": "2023-03 (Q1)",
      "signal": "INCREMENTAL MARGIN (YoY)",
      "detail": "YoY Incr OPM: +95.0% vs year-ago OPM: +19.2%",
      "severity": "HIGH"
    },
    {
      "quarter": "2022-12 (Q4)",
      "signal": "GROSS MARGIN INFLECTION",
      "detail": "GM: +53.1% -> +52.0% -> +55.6% (reversal +3.6%)",
      "severity": "MEDIUM"
    },
    {
      "quarter": "2022-09 (Q3)",
      "signal": "INCREMENTAL MARGIN (YoY)",
      "detail": "YoY Incr OPM: +50.3% vs year-ago OPM: +19.8%",
      "severity": "HIGH"
    },
    {
      "quarter": "2022-06 (Q2)",
      "signal": "OPERATING LEVERAGE",
      "detail": "Rev growth +14.3% vs OpEx growth +4.9% (leverage: 2.9x)",
      "severity": "MEDIUM"
    },
    {
      "quarter": "2022-06 (Q2)",
      "signal": "YoY REVENUE GROWTH ACCELERATION",
      "detail": "YoY growth: +26.1% vs prior quarter YoY: +19.6% (accel: +6.5%)",
      "severity": "MEDIUM"
    },
    {
      "quarter": "2022-06 (Q2)",
      "signal": "INCREMENTAL MARGIN (YoY)",
      "detail": "YoY Incr OPM: +50.6% vs year-ago OPM: +15.3%",
      "severity": "HIGH"
    },
    {
      "quarter": "2022-03 (Q1)",
      "signal": "YoY REVENUE GROWTH ACCELERATION",
      "detail": "YoY growth: +19.6% vs prior quarter YoY: +5.3% (accel: +14.3%)",
      "severity": "MEDIUM"
    },
    {
      "quarter": "2021-12 (Q4)",
      "signal": "INCREMENTAL MARGIN (YoY)",
      "detail": "YoY Incr OPM: +112.6% vs year-ago OPM: +20.9%",
      "severity": "HIGH"
    },
    {
      "quarter": "2021-09 (Q3)",
      "signal": "OPERATING LEVERAGE",
      "detail": "Rev growth +6.4% vs OpEx growth +2.9% (leverage: 2.2x)",
      "severity": "MEDIUM"
    },
    {
      "quarter": "2021-09 (Q3)",
      "signal": "GROSS MARGIN INFLECTION",
      "detail": "GM: +50.2% -> +48.3% -> +51.7% (reversal +3.4%)",
      "severity": "MEDIUM"
    }
  ],
  "data_quality": {
    "n_quarters": 20,
    "coverage": {
      "revenue": [
        20,
        20
      ],
      "gross_profit": [
        20,
        20
      ],
      "op_income": [
        20,
        20
      ],
      "fcf": [
        20,
        20
      ]
    },
    "gaps": [],
    "warnings": []
  },
  "market_cap": null,
  "source": "SEC EDGAR",
  "last_updated": "2026-02-02T21:15:29.640412"
}