{
  "ticker": "WSFS",
  "name": "WSFS Financial Corporation",
  "quarters": [
    {
      "date": "2018-09-30T00:00:00",
      "quarter_label": "2018-09 (Q3)",
      "revenue": 117316000,
      "gross_profit": null,
      "operating_income": null,
      "net_income": null,
      "opex": 68488000,
      "cogs": null,
      "rd": null,
      "sga": null,
      "fcf": null,
      "ocf": null,
      "capex": null,
      "gross_margin": null,
      "op_margin": null,
      "fcf_margin": null
    },
    {
      "date": "2018-12-31T00:00:00",
      "quarter_label": "2018-12 (Q4)",
      "revenue": 115980000,
      "gross_profit": null,
      "operating_income": null,
      "net_income": null,
      "opex": 77776000,
      "cogs": null,
      "rd": null,
      "sga": null,
      "fcf": null,
      "ocf": null,
      "capex": null,
      "gross_margin": null,
      "op_margin": null,
      "fcf_margin": null
    },
    {
      "date": "2019-03-31T00:00:00",
      "quarter_label": "2019-03 (Q1)",
      "revenue": 140699000,
      "gross_profit": null,
      "operating_income": null,
      "net_income": null,
      "opex": 121509000,
      "cogs": null,
      "rd": null,
      "sga": null,
      "fcf": null,
      "ocf": null,
      "capex": null,
      "gross_margin": null,
      "op_margin": null,
      "fcf_margin": null,
      "op_leverage_ratio": 0.37903919994658525
    },
    {
      "date": "2019-06-30T00:00:00",
      "quarter_label": "2019-06 (Q2)",
      "revenue": 185774000,
      "gross_profit": null,
      "operating_income": null,
      "net_income": null,
      "opex": 139714000,
      "cogs": null,
      "rd": null,
      "sga": null,
      "fcf": null,
      "ocf": null,
      "capex": null,
      "gross_margin": null,
      "op_margin": null,
      "fcf_margin": null,
      "op_leverage_ratio": 2.138269730408046
    },
    {
      "date": "2019-09-30T00:00:00",
      "quarter_label": "2019-09 (Q3)",
      "revenue": 203608000,
      "gross_profit": null,
      "operating_income": null,
      "net_income": null,
      "opex": 134111000,
      "cogs": null,
      "rd": null,
      "sga": null,
      "fcf": null,
      "ocf": null,
      "capex": null,
      "gross_margin": null,
      "op_margin": null,
      "fcf_margin": null,
      "rev_growth_yoy": 0.7355518428858808,
      "op_leverage_ratio": Infinity
    },
    {
      "date": "2019-12-31T00:00:00",
      "quarter_label": "2019-12 (Q4)",
      "revenue": 179120000,
      "gross_profit": null,
      "operating_income": null,
      "net_income": null,
      "opex": 119497000,
      "cogs": null,
      "rd": null,
      "sga": null,
      "fcf": null,
      "ocf": null,
      "capex": null,
      "gross_margin": null,
      "op_margin": null,
      "fcf_margin": null,
      "rev_growth_yoy": 0.5444042076220038,
      "rev_growth_yoy_accel": -0.191147635263877
    },
    {
      "date": "2020-03-31T00:00:00",
      "quarter_label": "2020-03 (Q1)",
      "revenue": 174702000,
      "gross_profit": null,
      "operating_income": null,
      "net_income": null,
      "opex": 162847000,
      "cogs": null,
      "rd": null,
      "sga": null,
      "fcf": null,
      "ocf": null,
      "capex": null,
      "gross_margin": null,
      "op_margin": null,
      "fcf_margin": null,
      "rev_growth_yoy": 0.24167193796686542,
      "rev_growth_yoy_accel": -0.3027322696551384
    },
    {
      "date": "2020-06-30T00:00:00",
      "quarter_label": "2020-06 (Q2)",
      "revenue": 190258000,
      "gross_profit": null,
      "operating_income": null,
      "net_income": null,
      "opex": 200316000,
      "cogs": null,
      "rd": null,
      "sga": null,
      "fcf": null,
      "ocf": null,
      "capex": null,
      "gross_margin": null,
      "op_margin": null,
      "fcf_margin": null,
      "rev_growth_yoy": 0.02413685445756672,
      "rev_growth_yoy_accel": -0.2175350835092987,
      "op_leverage_ratio": 0.38699710611539034
    },
    {
      "date": "2020-09-30T00:00:00",
      "quarter_label": "2020-09 (Q3)",
      "revenue": 172541000,
      "gross_profit": null,
      "operating_income": null,
      "net_income": null,
      "opex": 106578000,
      "cogs": null,
      "rd": null,
      "sga": null,
      "fcf": null,
      "ocf": null,
      "capex": null,
      "gross_margin": null,
      "op_margin": null,
      "fcf_margin": null,
      "rev_growth_yoy": -0.15258241326470473,
      "rev_growth_yoy_accel": -0.17671926772227145
    },
    {
      "date": "2020-12-31T00:00:00",
      "quarter_label": "2020-12 (Q4)",
      "revenue": 177929000,
      "gross_profit": null,
      "operating_income": null,
      "net_income": 59813000,
      "opex": 100733000,
      "cogs": null,
      "rd": null,
      "sga": null,
      "fcf": -37391000,
      "ocf": -33712000,
      "capex": -3679000,
      "gross_margin": null,
      "op_margin": null,
      "fcf_margin": -0.2101456198820878,
      "rev_growth_yoy": -0.006649173738276016,
      "rev_growth_yoy_accel": 0.14593323952642873,
      "op_leverage_ratio": Infinity
    },
    {
      "date": "2021-03-31T00:00:00",
      "quarter_label": "2021-03 (Q1)",
      "revenue": 169103000,
      "gross_profit": null,
      "operating_income": null,
      "net_income": 65082000,
      "opex": 82555000,
      "cogs": null,
      "rd": null,
      "sga": null,
      "fcf": 68380000,
      "ocf": 69650000,
      "capex": -1270000,
      "gross_margin": null,
      "op_margin": null,
      "fcf_margin": 0.40436893490949305,
      "rev_growth_yoy": -0.03204886034504471,
      "rev_growth_yoy_accel": -0.02539968660676869,
      "fcf_margin_change": 0.6145145547915809
    },
    {
      "date": "2021-06-30T00:00:00",
      "quarter_label": "2021-06 (Q2)",
      "revenue": 161920000,
      "gross_profit": null,
      "operating_income": null,
      "net_income": 95667000,
      "opex": 34622000,
      "cogs": null,
      "rd": null,
      "sga": null,
      "fcf": 17691000,
      "ocf": 19426000,
      "capex": -1735000,
      "gross_margin": null,
      "op_margin": null,
      "fcf_margin": 0.1092576581027668,
      "rev_growth_yoy": -0.14894511663110094,
      "rev_growth_yoy_accel": -0.11689625628605624,
      "fcf_margin_change": -0.2951112768067262
    },
    {
      "date": "2021-09-30T00:00:00",
      "quarter_label": "2021-09 (Q3)",
      "revenue": 152064000,
      "gross_profit": null,
      "operating_income": null,
      "net_income": 54406000,
      "opex": 80096000,
      "cogs": null,
      "rd": null,
      "sga": null,
      "fcf": 198721000,
      "ocf": 200438000,
      "capex": -1717000,
      "gross_margin": null,
      "op_margin": null,
      "fcf_margin": 1.306824757996633,
      "rev_growth_yoy": -0.11867903860531699,
      "rev_growth_yoy_accel": 0.030266078025783946,
      "fcf_margin_change": 1.1975670998938661
    },
    {
      "date": "2021-12-31T00:00:00",
      "quarter_label": "2021-12 (Q4)",
      "revenue": 158762000,
      "gross_profit": null,
      "operating_income": null,
      "net_income": 56287000,
      "opex": 86876000,
      "cogs": null,
      "rd": null,
      "sga": null,
      "fcf": -165720000,
      "ocf": -163866000,
      "capex": -1854000,
      "gross_margin": null,
      "op_margin": null,
      "fcf_margin": -1.0438266083823584,
      "rev_growth_yoy": -0.10772274334144519,
      "rev_growth_yoy_accel": 0.010956295263871804,
      "op_leverage_ratio": 0.5203551617452797,
      "fcf_margin_change": -2.350651366378991
    },
    {
      "date": "2022-03-31T00:00:00",
      "quarter_label": "2022-03 (Q1)",
      "revenue": 204711000,
      "gross_profit": null,
      "operating_income": null,
      "net_income": 3804000,
      "opex": 199007000,
      "cogs": null,
      "rd": null,
      "sga": null,
      "fcf": 56544000,
      "ocf": 58191000,
      "capex": -1647000,
      "gross_margin": null,
      "op_margin": null,
      "fcf_margin": 0.27621378431056465,
      "rev_growth_yoy": 0.21056988935737392,
      "rev_growth_yoy_accel": 0.31829263269881913,
      "op_leverage_ratio": 0.22423511529757773,
      "fcf_margin_change": 1.3200403926929232
    },
    {
      "date": "2022-06-30T00:00:00",
      "quarter_label": "2022-06 (Q2)",
      "revenue": 232049000,
      "gross_profit": null,
      "operating_income": null,
      "net_income": 60740000,
      "opex": 148722000,
      "cogs": null,
      "rd": null,
      "sga": null,
      "fcf": 178189000,
      "ocf": 180978000,
      "capex": -2789000,
      "gross_margin": null,
      "op_margin": null,
      "fcf_margin": 0.7678938500058178,
      "rev_growth_yoy": 0.433108942687747,
      "rev_growth_yoy_accel": 0.2225390533303731,
      "op_leverage_ratio": Infinity,
      "fcf_margin_change": 0.49168006569525313
    },
    {
      "date": "2022-09-30T00:00:00",
      "quarter_label": "2022-09 (Q3)",
      "revenue": 249216000,
      "gross_profit": null,
      "operating_income": null,
      "net_income": 73382000,
      "opex": 150105000,
      "cogs": null,
      "rd": null,
      "sga": null,
      "fcf": 164505000,
      "ocf": 167734000,
      "capex": -3229000,
      "gross_margin": null,
      "op_margin": null,
      "fcf_margin": 0.6600900423728814,
      "rev_growth_yoy": 0.6388888888888888,
      "rev_growth_yoy_accel": 0.20577994620114182,
      "op_leverage_ratio": 7.955504816195181,
      "fcf_margin_change": -0.1078038076329364
    },
    {
      "date": "2022-12-31T00:00:00",
      "quarter_label": "2022-12 (Q4)",
      "revenue": 277973000,
      "gross_profit": null,
      "operating_income": null,
      "net_income": 84449000,
      "opex": 165506000,
      "cogs": null,
      "rd": null,
      "sga": null,
      "fcf": 72807000,
      "ocf": 73951000,
      "capex": -1144000,
      "gross_margin": null,
      "op_margin": null,
      "fcf_margin": 0.261921121835574,
      "rev_growth_yoy": 0.7508786737380482,
      "rev_growth_yoy_accel": 0.11198978484915934,
      "op_leverage_ratio": 1.1246409536358224,
      "fcf_margin_change": -0.3981689205373074
    },
    {
      "date": "2023-03-31T00:00:00",
      "quarter_label": "2023-03 (Q1)",
      "revenue": 289510000,
      "gross_profit": null,
      "operating_income": null,
      "net_income": 62404000,
      "opex": 205907000,
      "cogs": null,
      "rd": null,
      "sga": null,
      "fcf": 29335000,
      "ocf": 30191000,
      "capex": -856000,
      "gross_margin": null,
      "op_margin": null,
      "fcf_margin": 0.1013263790542641,
      "rev_growth_yoy": 0.414237632564933,
      "rev_growth_yoy_accel": -0.33664104117311516,
      "op_leverage_ratio": 0.17002465654885573,
      "fcf_margin_change": -0.16059474278130986
    },
    {
      "date": "2023-06-30T00:00:00",
      "quarter_label": "2023-06 (Q2)",
      "revenue": 348486000,
      "gross_profit": null,
      "operating_income": null,
      "net_income": 68678000,
      "opex": 256856000,
      "cogs": null,
      "rd": null,
      "sga": null,
      "fcf": 91411000,
      "ocf": 92367000,
      "capex": -956000,
      "gross_margin": null,
      "op_margin": null,
      "fcf_margin": 0.262308959326917,
      "rev_growth_yoy": 0.5017776417911735,
      "rev_growth_yoy_accel": 0.08754000922624045,
      "op_leverage_ratio": 0.8232792906309552,
      "fcf_margin_change": 0.1609825802726529
    }
  ],
  "signals": [
    {
      "quarter": "2023-06 (Q2)",
      "signal": "FCF MARGIN EXPANSION",
      "detail": "FCF margin: +10.1% -> +26.2% (+16.1%)",
      "severity": "MEDIUM"
    },
    {
      "quarter": "2023-06 (Q2)",
      "signal": "YoY REVENUE GROWTH ACCELERATION",
      "detail": "YoY growth: +50.2% vs prior quarter YoY: +41.4% (accel: +8.8%)",
      "severity": "MEDIUM"
    },
    {
      "quarter": "2023-03 (Q1)",
      "signal": "YoY REVENUE GROWTH DECELERATION",
      "detail": "YoY growth: +41.4% vs prior quarter YoY: +75.1% (decel: -33.7%)",
      "severity": "WARNING"
    },
    {
      "quarter": "2022-12 (Q4)",
      "signal": "YoY REVENUE GROWTH ACCELERATION",
      "detail": "YoY growth: +75.1% vs prior quarter YoY: +63.9% (accel: +11.2%)",
      "severity": "MEDIUM"
    },
    {
      "quarter": "2022-09 (Q3)",
      "signal": "OPERATING LEVERAGE",
      "detail": "Rev growth +7.4% vs OpEx growth +0.9% (leverage: 8.0x)",
      "severity": "MEDIUM"
    },
    {
      "quarter": "2022-09 (Q3)",
      "signal": "YoY REVENUE GROWTH ACCELERATION",
      "detail": "YoY growth: +63.9% vs prior quarter YoY: +43.3% (accel: +20.6%)",
      "severity": "HIGH"
    },
    {
      "quarter": "2022-06 (Q2)",
      "signal": "FCF MARGIN EXPANSION",
      "detail": "FCF margin: +27.6% -> +76.8% (+49.2%)",
      "severity": "MEDIUM"
    },
    {
      "quarter": "2022-06 (Q2)",
      "signal": "YoY REVENUE GROWTH ACCELERATION",
      "detail": "YoY growth: +43.3% vs prior quarter YoY: +21.1% (accel: +22.3%)",
      "severity": "HIGH"
    },
    {
      "quarter": "2022-03 (Q1)",
      "signal": "FCF TURNED POSITIVE",
      "detail": "FCF margin: -104.4% -> +27.6%",
      "severity": "HIGH"
    },
    {
      "quarter": "2022-03 (Q1)",
      "signal": "YoY REVENUE GROWTH ACCELERATION",
      "detail": "YoY growth: +21.1% vs prior quarter YoY: -10.8% (accel: +31.8%)",
      "severity": "HIGH"
    },
    {
      "quarter": "2021-09 (Q3)",
      "signal": "FCF MARGIN EXPANSION",
      "detail": "FCF margin: +10.9% -> +130.7% (+119.8%)",
      "severity": "MEDIUM"
    },
    {
      "quarter": "2021-06 (Q2)",
      "signal": "YoY REVENUE GROWTH DECELERATION",
      "detail": "YoY growth: -14.9% vs prior quarter YoY: -3.2% (decel: -11.7%)",
      "severity": "WARNING"
    },
    {
      "quarter": "2021-03 (Q1)",
      "signal": "FCF TURNED POSITIVE",
      "detail": "FCF margin: -21.0% -> +40.4%",
      "severity": "HIGH"
    },
    {
      "quarter": "2020-12 (Q4)",
      "signal": "YoY REVENUE GROWTH ACCELERATION",
      "detail": "YoY growth: -0.7% vs prior quarter YoY: -15.3% (accel: +14.6%)",
      "severity": "MEDIUM"
    },
    {
      "quarter": "2020-09 (Q3)",
      "signal": "YoY REVENUE GROWTH DECELERATION",
      "detail": "YoY growth: -15.3% vs prior quarter YoY: +2.4% (decel: -17.7%)",
      "severity": "WARNING"
    },
    {
      "quarter": "2020-06 (Q2)",
      "signal": "YoY REVENUE GROWTH DECELERATION",
      "detail": "YoY growth: +2.4% vs prior quarter YoY: +24.2% (decel: -21.8%)",
      "severity": "WARNING"
    },
    {
      "quarter": "2020-03 (Q1)",
      "signal": "YoY REVENUE GROWTH DECELERATION",
      "detail": "YoY growth: +24.2% vs prior quarter YoY: +54.4% (decel: -30.3%)",
      "severity": "WARNING"
    },
    {
      "quarter": "2019-12 (Q4)",
      "signal": "YoY REVENUE GROWTH DECELERATION",
      "detail": "YoY growth: +54.4% vs prior quarter YoY: +73.6% (decel: -19.1%)",
      "severity": "WARNING"
    },
    {
      "quarter": "2019-06 (Q2)",
      "signal": "OPERATING LEVERAGE",
      "detail": "Rev growth +32.0% vs OpEx growth +15.0% (leverage: 2.1x)",
      "severity": "MEDIUM"
    }
  ],
  "data_quality": {
    "n_quarters": 20,
    "coverage": {
      "revenue": [
        20,
        20
      ],
      "gross_profit": [
        0,
        20
      ],
      "op_income": [
        0,
        20
      ],
      "fcf": [
        11,
        20
      ]
    },
    "gaps": [],
    "warnings": [
      "gross_profit: no data",
      "op_income: no data",
      "fcf: 11/20Q"
    ]
  },
  "market_cap": null,
  "source": "SEC EDGAR",
  "last_updated": "2026-02-02T21:18:02.249208"
}