{
  "ticker": "WSR",
  "name": "Whitestone REIT",
  "quarters": [
    {
      "date": "2020-12-31T00:00:00",
      "quarter_label": "2020-12 (Q4)",
      "revenue": 29834000,
      "gross_profit": 6978000,
      "operating_income": null,
      "net_income": 3112000,
      "opex": 3885000,
      "cogs": 22856000,
      "rd": null,
      "sga": null,
      "fcf": 13556000,
      "ocf": 13556000,
      "capex": null,
      "gross_margin": 0.23389421465442112,
      "op_margin": null,
      "fcf_margin": 0.45438090768921363
    },
    {
      "date": "2021-03-31T00:00:00",
      "quarter_label": "2021-03 (Q1)",
      "revenue": 29045000,
      "gross_profit": 7521000,
      "operating_income": null,
      "net_income": 1415000,
      "opex": 6082000,
      "cogs": 21524000,
      "rd": null,
      "sga": null,
      "fcf": 4103000,
      "ocf": 4103000,
      "capex": null,
      "gross_margin": 0.2589430194525736,
      "op_margin": null,
      "fcf_margin": 0.14126355655018075,
      "fcf_margin_change": -0.3131173511390329
    },
    {
      "date": "2021-06-30T00:00:00",
      "quarter_label": "2021-06 (Q2)",
      "revenue": 30618000,
      "gross_profit": 9179000,
      "operating_income": null,
      "net_income": 5126000,
      "opex": 5896000,
      "cogs": 21439000,
      "rd": null,
      "sga": null,
      "fcf": 9986000,
      "ocf": 9986000,
      "capex": null,
      "gross_margin": 0.2997909726304788,
      "op_margin": null,
      "fcf_margin": 0.3261480175060422,
      "op_leverage_ratio": Infinity,
      "fcf_margin_change": 0.18488446095586147
    },
    {
      "date": "2021-09-30T00:00:00",
      "quarter_label": "2021-09 (Q3)",
      "revenue": 32444000,
      "gross_profit": 9054000,
      "operating_income": null,
      "net_income": 2899000,
      "opex": 6159000,
      "cogs": 23390000,
      "rd": null,
      "sga": null,
      "fcf": 17614000,
      "ocf": 17614000,
      "capex": null,
      "gross_margin": 0.2790654666502281,
      "op_margin": null,
      "fcf_margin": 0.5429046973246209,
      "op_leverage_ratio": 1.3369823710151365,
      "fcf_margin_change": 0.21675667981857866
    },
    {
      "date": "2021-12-31T00:00:00",
      "quarter_label": "2021-12 (Q4)",
      "revenue": 33258000,
      "gross_profit": 8714000,
      "operating_income": null,
      "net_income": 2608000,
      "opex": 6135000,
      "cogs": 24544000,
      "rd": null,
      "sga": null,
      "fcf": 15337000,
      "ocf": 15337000,
      "capex": null,
      "gross_margin": 0.26201214745324436,
      "op_margin": null,
      "fcf_margin": 0.46115220398099704,
      "rev_growth_yoy": 0.11476838506402091,
      "op_leverage_ratio": Infinity,
      "fcf_margin_change": -0.08175249334362383
    },
    {
      "date": "2022-03-31T00:00:00",
      "quarter_label": "2022-03 (Q1)",
      "revenue": 34123000,
      "gross_profit": 13072000,
      "operating_income": null,
      "net_income": 7078000,
      "opex": 6062000,
      "cogs": 21051000,
      "rd": null,
      "sga": null,
      "fcf": 4915000,
      "ocf": 4915000,
      "capex": null,
      "gross_margin": 0.38308472291416346,
      "op_margin": null,
      "fcf_margin": 0.14403774580195175,
      "rev_growth_yoy": 0.17483215699776208,
      "rev_growth_yoy_accel": 0.06006377193374117,
      "op_leverage_ratio": Infinity,
      "fcf_margin_change": -0.31711445817904527
    },
    {
      "date": "2022-06-30T00:00:00",
      "quarter_label": "2022-06 (Q2)",
      "revenue": 34997000,
      "gross_profit": null,
      "operating_income": null,
      "net_income": 4338000,
      "opex": 24242000,
      "cogs": null,
      "rd": null,
      "sga": null,
      "fcf": 13398000,
      "ocf": 13398000,
      "capex": null,
      "gross_margin": null,
      "op_margin": null,
      "fcf_margin": 0.3828328142412207,
      "rev_growth_yoy": 0.1430204454895813,
      "rev_growth_yoy_accel": -0.031811711508180796,
      "op_leverage_ratio": 0.008540558653937075,
      "fcf_margin_change": 0.23879506843926893
    },
    {
      "date": "2022-09-30T00:00:00",
      "quarter_label": "2022-09 (Q3)",
      "revenue": 35383000,
      "gross_profit": null,
      "operating_income": null,
      "net_income": 3915000,
      "opex": 24551000,
      "cogs": null,
      "rd": null,
      "sga": null,
      "fcf": 15146000,
      "ocf": 15146000,
      "capex": null,
      "gross_margin": null,
      "op_margin": null,
      "fcf_margin": 0.42805867224373284,
      "rev_growth_yoy": 0.09058685735421033,
      "rev_growth_yoy_accel": -0.052433588135370954,
      "op_leverage_ratio": 0.8652995037115062,
      "fcf_margin_change": 0.045225858002512165
    },
    {
      "date": "2022-12-31T00:00:00",
      "quarter_label": "2022-12 (Q4)",
      "revenue": 34918000,
      "gross_profit": null,
      "operating_income": null,
      "net_income": 19939000,
      "opex": 23224000,
      "cogs": null,
      "rd": null,
      "sga": null,
      "fcf": 10972000,
      "ocf": 10972000,
      "capex": null,
      "gross_margin": null,
      "op_margin": null,
      "fcf_margin": 0.31422189128816086,
      "rev_growth_yoy": 0.04991280293463227,
      "rev_growth_yoy_accel": -0.04067405441957807,
      "fcf_margin_change": -0.11383678095557198
    },
    {
      "date": "2023-03-31T00:00:00",
      "quarter_label": "2023-03 (Q1)",
      "revenue": 35851000,
      "gross_profit": null,
      "operating_income": null,
      "net_income": 3847000,
      "opex": 23724000,
      "cogs": null,
      "rd": null,
      "sga": null,
      "fcf": 4915000,
      "ocf": 4915000,
      "capex": null,
      "gross_margin": null,
      "op_margin": null,
      "fcf_margin": 0.13709519957602298,
      "rev_growth_yoy": 0.05064033056882455,
      "rev_growth_yoy_accel": 0.0007275276341922807,
      "op_leverage_ratio": 1.2410786413883956,
      "fcf_margin_change": -0.17712669171213788
    },
    {
      "date": "2023-06-30T00:00:00",
      "quarter_label": "2023-06 (Q2)",
      "revenue": 36460000,
      "gross_profit": null,
      "operating_income": null,
      "net_income": 11306000,
      "opex": 25201000,
      "cogs": null,
      "rd": null,
      "sga": null,
      "fcf": 16796000,
      "ocf": 16796000,
      "capex": null,
      "gross_margin": null,
      "op_margin": null,
      "fcf_margin": 0.46066922654964343,
      "rev_growth_yoy": 0.04180358316427122,
      "rev_growth_yoy_accel": -0.008836747404553327,
      "op_leverage_ratio": 0.2728496736294413,
      "fcf_margin_change": 0.3235740269736205
    },
    {
      "date": "2023-09-30T00:00:00",
      "quarter_label": "2023-09 (Q3)",
      "revenue": 37134000,
      "gross_profit": null,
      "operating_income": null,
      "net_income": 2486000,
      "opex": 25279000,
      "cogs": null,
      "rd": null,
      "sga": null,
      "fcf": 14143000,
      "ocf": 14143000,
      "capex": null,
      "gross_margin": null,
      "op_margin": null,
      "fcf_margin": 0.3808638983142134,
      "rev_growth_yoy": 0.04948704179973434,
      "rev_growth_yoy_accel": 0.007683458635463117,
      "op_leverage_ratio": 5.972640899053406,
      "fcf_margin_change": -0.07980532823543002
    },
    {
      "date": "2023-12-31T00:00:00",
      "quarter_label": "2023-12 (Q4)",
      "revenue": 37524000,
      "gross_profit": null,
      "operating_income": null,
      "net_income": 1541000,
      "opex": 25379000,
      "cogs": null,
      "rd": null,
      "sga": null,
      "fcf": 11746000,
      "ocf": 11746000,
      "capex": null,
      "gross_margin": null,
      "op_margin": null,
      "fcf_margin": 0.3130263298155847,
      "rev_growth_yoy": 0.07463199495961968,
      "rev_growth_yoy_accel": 0.025144953159885346,
      "op_leverage_ratio": 2.6549280982388104,
      "fcf_margin_change": -0.06783756849862871
    },
    {
      "date": "2024-03-31T00:00:00",
      "quarter_label": "2024-03 (Q1)",
      "revenue": 37164000,
      "gross_profit": null,
      "operating_income": null,
      "net_income": 9340000,
      "opex": 25567000,
      "cogs": null,
      "rd": null,
      "sga": null,
      "fcf": 11524000,
      "ocf": 11524000,
      "capex": null,
      "gross_margin": null,
      "op_margin": null,
      "fcf_margin": 0.3100850285222258,
      "rev_growth_yoy": 0.03662380407798946,
      "rev_growth_yoy_accel": -0.038008190881630224,
      "fcf_margin_change": -0.0029413012933589
    },
    {
      "date": "2024-06-30T00:00:00",
      "quarter_label": "2024-06 (Q2)",
      "revenue": 37647000,
      "gross_profit": null,
      "operating_income": null,
      "net_income": 2592000,
      "opex": 26000000,
      "cogs": null,
      "rd": null,
      "sga": null,
      "fcf": 12258000,
      "ocf": 12258000,
      "capex": null,
      "gross_margin": null,
      "op_margin": null,
      "fcf_margin": 0.32560363375567775,
      "rev_growth_yoy": 0.032556226001097095,
      "rev_growth_yoy_accel": -0.004067578076892363,
      "op_leverage_ratio": 0.7673907402007902,
      "fcf_margin_change": 0.015518605233451943
    },
    {
      "date": "2024-09-30T00:00:00",
      "quarter_label": "2024-09 (Q3)",
      "revenue": 38633000,
      "gross_profit": null,
      "operating_income": null,
      "net_income": 7624000,
      "opex": 25940000,
      "cogs": null,
      "rd": null,
      "sga": null,
      "fcf": 16374000,
      "ocf": 16374000,
      "capex": null,
      "gross_margin": null,
      "op_margin": null,
      "fcf_margin": 0.4238345455957342,
      "rev_growth_yoy": 0.040367318360532124,
      "rev_growth_yoy_accel": 0.007811092359435029,
      "op_leverage_ratio": Infinity,
      "fcf_margin_change": 0.09823091184005645
    },
    {
      "date": "2024-12-31T00:00:00",
      "quarter_label": "2024-12 (Q4)",
      "revenue": 40838000,
      "gross_profit": null,
      "operating_income": null,
      "net_income": 17337000,
      "opex": 26554000,
      "cogs": null,
      "rd": null,
      "sga": null,
      "fcf": 18071000,
      "ocf": 18071000,
      "capex": null,
      "gross_margin": null,
      "op_margin": null,
      "fcf_margin": 0.4425045300945198,
      "rev_growth_yoy": 0.08831681057456561,
      "rev_growth_yoy_accel": 0.04794949221403349,
      "op_leverage_ratio": 2.4113028548697333,
      "fcf_margin_change": 0.018669984498785597
    },
    {
      "date": "2025-03-31T00:00:00",
      "quarter_label": "2025-03 (Q1)",
      "revenue": 38003000,
      "gross_profit": null,
      "operating_income": null,
      "net_income": 3701000,
      "opex": 26031000,
      "cogs": null,
      "rd": null,
      "sga": null,
      "fcf": 3081000,
      "ocf": 3081000,
      "capex": null,
      "gross_margin": null,
      "op_margin": null,
      "fcf_margin": 0.08107254690419177,
      "rev_growth_yoy": 0.022575610806156495,
      "rev_growth_yoy_accel": -0.06574119976840911,
      "fcf_margin_change": -0.361431983190328
    },
    {
      "date": "2025-06-30T00:00:00",
      "quarter_label": "2025-06 (Q2)",
      "revenue": 37892000,
      "gross_profit": null,
      "operating_income": null,
      "net_income": 5054000,
      "opex": 24578000,
      "cogs": null,
      "rd": null,
      "sga": null,
      "fcf": 13836000,
      "ocf": 13836000,
      "capex": null,
      "gross_margin": null,
      "op_margin": null,
      "fcf_margin": 0.36514303810830784,
      "rev_growth_yoy": 0.006507822668472919,
      "rev_growth_yoy_accel": -0.016067788137683576,
      "fcf_margin_change": 0.2840704912041161
    },
    {
      "date": "2025-09-30T00:00:00",
      "quarter_label": "2025-09 (Q3)",
      "revenue": 41048000,
      "gross_profit": null,
      "operating_income": null,
      "net_income": 18333000,
      "opex": 26925000,
      "cogs": null,
      "rd": null,
      "sga": null,
      "fcf": 17990000,
      "ocf": 17990000,
      "capex": null,
      "gross_margin": null,
      "op_margin": null,
      "fcf_margin": 0.4382673942701228,
      "rev_growth_yoy": 0.06251132451531075,
      "rev_growth_yoy_accel": 0.056003501846837826,
      "op_leverage_ratio": 0.872213724643641,
      "fcf_margin_change": 0.07312435616181495
    }
  ],
  "signals": [
    {
      "quarter": "2025-09 (Q3)",
      "signal": "FCF MARGIN EXPANSION",
      "detail": "FCF margin: +36.5% -> +43.8% (+7.3%)",
      "severity": "MEDIUM"
    },
    {
      "quarter": "2025-09 (Q3)",
      "signal": "YoY REVENUE GROWTH ACCELERATION",
      "detail": "YoY growth: +6.3% vs prior quarter YoY: +0.7% (accel: +5.6%)",
      "severity": "MEDIUM"
    },
    {
      "quarter": "2025-06 (Q2)",
      "signal": "FCF MARGIN EXPANSION",
      "detail": "FCF margin: +8.1% -> +36.5% (+28.4%)",
      "severity": "MEDIUM"
    },
    {
      "quarter": "2025-03 (Q1)",
      "signal": "YoY REVENUE GROWTH DECELERATION",
      "detail": "YoY growth: +2.3% vs prior quarter YoY: +8.8% (decel: -6.6%)",
      "severity": "WARNING"
    },
    {
      "quarter": "2024-12 (Q4)",
      "signal": "OPERATING LEVERAGE",
      "detail": "Rev growth +5.7% vs OpEx growth +2.4% (leverage: 2.4x)",
      "severity": "MEDIUM"
    },
    {
      "quarter": "2024-09 (Q3)",
      "signal": "FCF MARGIN EXPANSION",
      "detail": "FCF margin: +32.6% -> +42.4% (+9.8%)",
      "severity": "MEDIUM"
    },
    {
      "quarter": "2023-12 (Q4)",
      "signal": "OPERATING LEVERAGE",
      "detail": "Rev growth +1.1% vs OpEx growth +0.4% (leverage: 2.7x)",
      "severity": "MEDIUM"
    },
    {
      "quarter": "2023-09 (Q3)",
      "signal": "OPERATING LEVERAGE",
      "detail": "Rev growth +1.8% vs OpEx growth +0.3% (leverage: 6.0x)",
      "severity": "MEDIUM"
    },
    {
      "quarter": "2023-06 (Q2)",
      "signal": "FCF MARGIN EXPANSION",
      "detail": "FCF margin: +13.7% -> +46.1% (+32.4%)",
      "severity": "MEDIUM"
    },
    {
      "quarter": "2022-09 (Q3)",
      "signal": "YoY REVENUE GROWTH DECELERATION",
      "detail": "YoY growth: +9.1% vs prior quarter YoY: +14.3% (decel: -5.2%)",
      "severity": "WARNING"
    },
    {
      "quarter": "2022-06 (Q2)",
      "signal": "FCF MARGIN EXPANSION",
      "detail": "FCF margin: +14.4% -> +38.3% (+23.9%)",
      "severity": "MEDIUM"
    },
    {
      "quarter": "2022-03 (Q1)",
      "signal": "GROSS MARGIN INFLECTION",
      "detail": "GM: +27.9% -> +26.2% -> +38.3% (reversal +12.1%)",
      "severity": "HIGH"
    },
    {
      "quarter": "2022-03 (Q1)",
      "signal": "YoY REVENUE GROWTH ACCELERATION",
      "detail": "YoY growth: +17.5% vs prior quarter YoY: +11.5% (accel: +6.0%)",
      "severity": "MEDIUM"
    },
    {
      "quarter": "2021-09 (Q3)",
      "signal": "FCF MARGIN EXPANSION",
      "detail": "FCF margin: +32.6% -> +54.3% (+21.7%)",
      "severity": "MEDIUM"
    },
    {
      "quarter": "2021-06 (Q2)",
      "signal": "FCF MARGIN EXPANSION",
      "detail": "FCF margin: +14.1% -> +32.6% (+18.5%)",
      "severity": "MEDIUM"
    }
  ],
  "data_quality": {
    "n_quarters": 20,
    "coverage": {
      "revenue": [
        20,
        20
      ],
      "gross_profit": [
        6,
        20
      ],
      "op_income": [
        0,
        20
      ],
      "fcf": [
        20,
        20
      ]
    },
    "gaps": [],
    "warnings": [
      "gross_profit: 6/20Q",
      "op_income: no data"
    ]
  },
  "market_cap": null,
  "source": "SEC EDGAR",
  "last_updated": "2026-02-02T22:11:46.744891"
}