{
  "ticker": "WT",
  "name": "WisdomTree, Inc.",
  "quarters": [
    {
      "date": "2017-12-31T00:00:00",
      "quarter_label": "2017-12 (Q4)",
      "revenue": 61386000,
      "gross_profit": 49816000,
      "operating_income": null,
      "net_income": null,
      "opex": null,
      "cogs": 11570000,
      "rd": null,
      "sga": null,
      "fcf": null,
      "ocf": null,
      "capex": null,
      "gross_margin": 0.8115205421431597,
      "op_margin": null,
      "fcf_margin": null
    },
    {
      "date": "2018-03-31T00:00:00",
      "quarter_label": "2018-03 (Q1)",
      "revenue": 59605000,
      "gross_profit": 48693000,
      "operating_income": null,
      "net_income": null,
      "opex": null,
      "cogs": 10912000,
      "rd": null,
      "sga": null,
      "fcf": null,
      "ocf": null,
      "capex": null,
      "gross_margin": 0.816928110057881,
      "op_margin": null,
      "fcf_margin": null
    },
    {
      "date": "2018-06-30T00:00:00",
      "quarter_label": "2018-06 (Q2)",
      "revenue": 74775000,
      "gross_profit": 60154000,
      "operating_income": null,
      "net_income": null,
      "opex": null,
      "cogs": 14621000,
      "rd": null,
      "sga": null,
      "fcf": null,
      "ocf": null,
      "capex": null,
      "gross_margin": 0.8044667335339352,
      "op_margin": null,
      "fcf_margin": null
    },
    {
      "date": "2018-09-30T00:00:00",
      "quarter_label": "2018-09 (Q3)",
      "revenue": 72570000,
      "gross_profit": 57278000,
      "operating_income": null,
      "net_income": null,
      "opex": null,
      "cogs": 15292000,
      "rd": null,
      "sga": null,
      "fcf": null,
      "ocf": null,
      "capex": null,
      "gross_margin": 0.7892793165219788,
      "op_margin": null,
      "fcf_margin": null
    },
    {
      "date": "2018-12-31T00:00:00",
      "quarter_label": "2018-12 (Q4)",
      "revenue": 67867000,
      "gross_profit": 52006000,
      "operating_income": null,
      "net_income": null,
      "opex": null,
      "cogs": 15861000,
      "rd": null,
      "sga": null,
      "fcf": null,
      "ocf": null,
      "capex": null,
      "gross_margin": 0.7662928964003124,
      "op_margin": null,
      "fcf_margin": null,
      "rev_growth_yoy": 0.10557781904668817
    },
    {
      "date": "2019-03-31T00:00:00",
      "quarter_label": "2019-03 (Q1)",
      "revenue": 65485000,
      "gross_profit": 50319000,
      "operating_income": null,
      "net_income": null,
      "opex": null,
      "cogs": 15166000,
      "rd": null,
      "sga": null,
      "fcf": null,
      "ocf": null,
      "capex": null,
      "gross_margin": 0.7684049782392914,
      "op_margin": null,
      "fcf_margin": null,
      "rev_growth_yoy": 0.09864944216089254,
      "rev_growth_yoy_accel": -0.006928376885795631
    },
    {
      "date": "2019-06-30T00:00:00",
      "quarter_label": "2019-06 (Q2)",
      "revenue": 66293000,
      "gross_profit": 50717000,
      "operating_income": null,
      "net_income": null,
      "opex": null,
      "cogs": 15576000,
      "rd": null,
      "sga": null,
      "fcf": null,
      "ocf": null,
      "capex": null,
      "gross_margin": 0.7650430663870997,
      "op_margin": null,
      "fcf_margin": null,
      "rev_growth_yoy": -0.11343363423604146,
      "rev_growth_yoy_accel": -0.212083076396934
    },
    {
      "date": "2022-09-30T00:00:00",
      "quarter_label": "2022-09 (Q3)",
      "revenue": 72414000,
      "gross_profit": null,
      "operating_income": 14873000,
      "net_income": 81229000,
      "opex": 57541000,
      "cogs": null,
      "rd": null,
      "sga": null,
      "fcf": 34565000,
      "ocf": 34571000,
      "capex": -6000,
      "gross_margin": null,
      "op_margin": 0.2053884607948739,
      "fcf_margin": 0.47732482669097137
    },
    {
      "date": "2022-12-31T00:00:00",
      "quarter_label": "2022-12 (Q4)",
      "revenue": 73310000,
      "gross_profit": null,
      "operating_income": 11719000,
      "net_income": -28289000,
      "opex": 61591000,
      "cogs": null,
      "rd": null,
      "sga": null,
      "fcf": 11965000,
      "ocf": 11974000,
      "capex": -9000,
      "gross_margin": null,
      "op_margin": 0.15985540853908062,
      "fcf_margin": 0.16321102168871915,
      "op_leverage_ratio": 0.175795540525381,
      "fcf_margin_change": -0.3141138050022522
    },
    {
      "date": "2023-03-31T00:00:00",
      "quarter_label": "2023-03 (Q1)",
      "revenue": 82044000,
      "gross_profit": null,
      "operating_income": 16571000,
      "net_income": 16233000,
      "opex": 65473000,
      "cogs": null,
      "rd": null,
      "sga": null,
      "fcf": -5423000,
      "ocf": -5397000,
      "capex": -26000,
      "gross_margin": null,
      "op_margin": 0.20197698795768124,
      "fcf_margin": -0.06609867875773975,
      "op_leverage_ratio": 1.8902171205099614,
      "fcf_margin_change": -0.2293097004464589
    },
    {
      "date": "2023-06-30T00:00:00",
      "quarter_label": "2023-06 (Q2)",
      "revenue": 85724000,
      "gross_profit": null,
      "operating_income": 18181000,
      "net_income": 54252000,
      "opex": 67543000,
      "cogs": null,
      "rd": null,
      "sga": null,
      "fcf": 25394000,
      "ocf": 25426000,
      "capex": -32000,
      "gross_margin": null,
      "op_margin": 0.21208763006859221,
      "fcf_margin": 0.2962297606271289,
      "op_leverage_ratio": 1.4187075769641222,
      "fcf_margin_change": 0.3623284393848687
    },
    {
      "date": "2023-09-30T00:00:00",
      "quarter_label": "2023-09 (Q3)",
      "revenue": 90423000,
      "gross_profit": null,
      "operating_income": 26705000,
      "net_income": 12984000,
      "opex": 63718000,
      "cogs": null,
      "rd": null,
      "sga": null,
      "fcf": 28286000,
      "ocf": 28321000,
      "capex": -35000,
      "gross_margin": null,
      "op_margin": 0.29533415170918903,
      "fcf_margin": 0.3128186412748969,
      "incr_op_margin_yoy": 0.6570048309178744,
      "rev_growth_yoy": 0.24869500372856077,
      "op_leverage_ratio": Infinity,
      "fcf_margin_change": 0.01658888064776798
    },
    {
      "date": "2023-12-31T00:00:00",
      "quarter_label": "2023-12 (Q4)",
      "revenue": 90844000,
      "gross_profit": null,
      "operating_income": 26035000,
      "net_income": 19077000,
      "opex": 64809000,
      "cogs": null,
      "rd": null,
      "sga": null,
      "fcf": 37230000,
      "ocf": 37250000,
      "capex": -20000,
      "gross_margin": null,
      "op_margin": 0.2865901985821848,
      "fcf_margin": 0.40982343357844214,
      "incr_op_margin_yoy": 0.8164708566214213,
      "rev_growth_yoy": 0.2391761014868367,
      "rev_growth_yoy_accel": -0.009518902241724053,
      "fcf_margin_change": 0.09700479230354525
    },
    {
      "date": "2024-03-31T00:00:00",
      "quarter_label": "2024-03 (Q1)",
      "revenue": 96838000,
      "gross_profit": null,
      "operating_income": 27950000,
      "net_income": 22111000,
      "opex": 68888000,
      "cogs": null,
      "rd": null,
      "sga": null,
      "fcf": -1104000,
      "ocf": -1038000,
      "capex": -66000,
      "gross_margin": null,
      "op_margin": 0.28862636568289307,
      "fcf_margin": -0.011400483281356493,
      "incr_op_margin_yoy": 0.769163174259835,
      "rev_growth_yoy": 0.1803178782116913,
      "rev_growth_yoy_accel": -0.05885822327514542,
      "op_leverage_ratio": 1.0483398748954116,
      "fcf_margin_change": -0.42122391685979865
    },
    {
      "date": "2024-06-30T00:00:00",
      "quarter_label": "2024-06 (Q2)",
      "revenue": 107034000,
      "gross_profit": null,
      "operating_income": 33511000,
      "net_income": 21759000,
      "opex": 73523000,
      "cogs": null,
      "rd": null,
      "sga": null,
      "fcf": 32174000,
      "ocf": 32210000,
      "capex": -36000,
      "gross_margin": null,
      "op_margin": 0.31308743016237833,
      "fcf_margin": 0.3005960722760992,
      "incr_op_margin_yoy": 0.7193805725011732,
      "rev_growth_yoy": 0.2485884933040922,
      "rev_growth_yoy_accel": 0.0682706150924009,
      "op_leverage_ratio": 1.5648685168278795,
      "fcf_margin_change": 0.3119965555574557
    },
    {
      "date": "2024-09-30T00:00:00",
      "quarter_label": "2024-09 (Q3)",
      "revenue": 113168000,
      "gross_profit": null,
      "operating_income": 40792000,
      "net_income": -4485000,
      "opex": 72376000,
      "cogs": null,
      "rd": null,
      "sga": null,
      "fcf": 47688000,
      "ocf": 47714000,
      "capex": -26000,
      "gross_margin": null,
      "op_margin": 0.3604552523681606,
      "fcf_margin": 0.4213912059946275,
      "incr_op_margin_yoy": 0.6193449109694439,
      "rev_growth_yoy": 0.25153998429603086,
      "rev_growth_yoy_accel": 0.002951490991938671,
      "op_leverage_ratio": Infinity,
      "fcf_margin_change": 0.12079513371852829
    },
    {
      "date": "2024-12-31T00:00:00",
      "quarter_label": "2024-12 (Q4)",
      "revenue": 110697000,
      "gross_profit": null,
      "operating_income": 35040000,
      "net_income": 27308000,
      "opex": 75657000,
      "cogs": null,
      "rd": null,
      "sga": null,
      "fcf": 34562000,
      "ocf": 34575000,
      "capex": -13000,
      "gross_margin": null,
      "op_margin": 0.31653974362448845,
      "fcf_margin": 0.312221650089885,
      "incr_op_margin_yoy": 0.453583841233063,
      "rev_growth_yoy": 0.21853947426357273,
      "rev_growth_yoy_accel": -0.03300051003245813,
      "fcf_margin_change": -0.10916955590474248
    },
    {
      "date": "2025-03-31T00:00:00",
      "quarter_label": "2025-03 (Q1)",
      "revenue": 108082000,
      "gross_profit": null,
      "operating_income": 34162000,
      "net_income": 24629000,
      "opex": 73920000,
      "cogs": null,
      "rd": null,
      "sga": null,
      "fcf": 6339000,
      "ocf": 6370000,
      "capex": -31000,
      "gross_margin": null,
      "op_margin": 0.31607483207194537,
      "fcf_margin": 0.058649913954219944,
      "incr_op_margin_yoy": 0.552472429740306,
      "rev_growth_yoy": 0.11611144385468515,
      "rev_growth_yoy_accel": -0.10242803040888758,
      "fcf_margin_change": -0.2535717361356651
    },
    {
      "date": "2025-06-30T00:00:00",
      "quarter_label": "2025-06 (Q2)",
      "revenue": 112621000,
      "gross_profit": null,
      "operating_income": 34632000,
      "net_income": 24777000,
      "opex": 77989000,
      "cogs": null,
      "rd": null,
      "sga": null,
      "fcf": 38720000,
      "ocf": 38806000,
      "capex": -86000,
      "gross_margin": null,
      "op_margin": 0.3075092567105602,
      "fcf_margin": 0.3438079931806679,
      "incr_op_margin_yoy": 0.20064435296223376,
      "rev_growth_yoy": 0.0521983668740774,
      "rev_growth_yoy_accel": -0.06391307698060775,
      "op_leverage_ratio": 0.7629236513210715,
      "fcf_margin_change": 0.285158079226448
    },
    {
      "date": "2025-09-30T00:00:00",
      "quarter_label": "2025-09 (Q3)",
      "revenue": 125616000,
      "gross_profit": null,
      "operating_income": 45654000,
      "net_income": 19701000,
      "opex": 79962000,
      "cogs": null,
      "rd": null,
      "sga": null,
      "fcf": 48044000,
      "ocf": 48081000,
      "capex": -37000,
      "gross_margin": null,
      "op_margin": 0.363440962934658,
      "fcf_margin": 0.38246720163036557,
      "incr_op_margin_yoy": 0.3905848329048843,
      "rev_growth_yoy": 0.10999575851830906,
      "rev_growth_yoy_accel": 0.057797391644231665,
      "op_leverage_ratio": 4.561032543865317,
      "fcf_margin_change": 0.03865920844969767
    }
  ],
  "signals": [
    {
      "quarter": "2025-09 (Q3)",
      "signal": "OPERATING LEVERAGE",
      "detail": "Rev growth +11.5% vs OpEx growth +2.5% (leverage: 4.6x)",
      "severity": "MEDIUM"
    },
    {
      "quarter": "2025-09 (Q3)",
      "signal": "YoY REVENUE GROWTH ACCELERATION",
      "detail": "YoY growth: +11.0% vs prior quarter YoY: +5.2% (accel: +5.8%)",
      "severity": "MEDIUM"
    },
    {
      "quarter": "2025-06 (Q2)",
      "signal": "FCF MARGIN EXPANSION",
      "detail": "FCF margin: +5.9% -> +34.4% (+28.5%)",
      "severity": "MEDIUM"
    },
    {
      "quarter": "2025-06 (Q2)",
      "signal": "YoY REVENUE GROWTH DECELERATION",
      "detail": "YoY growth: +5.2% vs prior quarter YoY: +11.6% (decel: -6.4%)",
      "severity": "WARNING"
    },
    {
      "quarter": "2025-03 (Q1)",
      "signal": "YoY REVENUE GROWTH DECELERATION",
      "detail": "YoY growth: +11.6% vs prior quarter YoY: +21.9% (decel: -10.2%)",
      "severity": "WARNING"
    },
    {
      "quarter": "2025-03 (Q1)",
      "signal": "INCREMENTAL MARGIN (YoY)",
      "detail": "YoY Incr OPM: +55.2% vs year-ago OPM: +28.9%",
      "severity": "HIGH"
    },
    {
      "quarter": "2024-12 (Q4)",
      "signal": "INCREMENTAL MARGIN (YoY)",
      "detail": "YoY Incr OPM: +45.4% vs year-ago OPM: +28.7%",
      "severity": "MEDIUM"
    },
    {
      "quarter": "2024-09 (Q3)",
      "signal": "FCF MARGIN EXPANSION",
      "detail": "FCF margin: +30.1% -> +42.1% (+12.1%)",
      "severity": "MEDIUM"
    },
    {
      "quarter": "2024-09 (Q3)",
      "signal": "INCREMENTAL MARGIN (YoY)",
      "detail": "YoY Incr OPM: +61.9% vs year-ago OPM: +29.5%",
      "severity": "HIGH"
    },
    {
      "quarter": "2024-06 (Q2)",
      "signal": "FCF TURNED POSITIVE",
      "detail": "FCF margin: -1.1% -> +30.1%",
      "severity": "HIGH"
    },
    {
      "quarter": "2024-06 (Q2)",
      "signal": "OPERATING LEVERAGE",
      "detail": "Rev growth +10.5% vs OpEx growth +6.7% (leverage: 1.6x)",
      "severity": "MEDIUM"
    },
    {
      "quarter": "2024-06 (Q2)",
      "signal": "YoY REVENUE GROWTH ACCELERATION",
      "detail": "YoY growth: +24.9% vs prior quarter YoY: +18.0% (accel: +6.8%)",
      "severity": "MEDIUM"
    },
    {
      "quarter": "2024-06 (Q2)",
      "signal": "INCREMENTAL MARGIN (YoY)",
      "detail": "YoY Incr OPM: +71.9% vs year-ago OPM: +21.2%",
      "severity": "HIGH"
    },
    {
      "quarter": "2024-03 (Q1)",
      "signal": "YoY REVENUE GROWTH DECELERATION",
      "detail": "YoY growth: +18.0% vs prior quarter YoY: +23.9% (decel: -5.9%)",
      "severity": "WARNING"
    },
    {
      "quarter": "2024-03 (Q1)",
      "signal": "INCREMENTAL MARGIN (YoY)",
      "detail": "YoY Incr OPM: +76.9% vs year-ago OPM: +20.2%",
      "severity": "HIGH"
    },
    {
      "quarter": "2023-12 (Q4)",
      "signal": "FCF MARGIN EXPANSION",
      "detail": "FCF margin: +31.3% -> +41.0% (+9.7%)",
      "severity": "MEDIUM"
    },
    {
      "quarter": "2023-12 (Q4)",
      "signal": "INCREMENTAL MARGIN (YoY)",
      "detail": "YoY Incr OPM: +81.6% vs year-ago OPM: +16.0%",
      "severity": "HIGH"
    },
    {
      "quarter": "2023-09 (Q3)",
      "signal": "INCREMENTAL MARGIN (YoY)",
      "detail": "YoY Incr OPM: +65.7% vs year-ago OPM: +20.5%",
      "severity": "HIGH"
    },
    {
      "quarter": "2023-06 (Q2)",
      "signal": "FCF TURNED POSITIVE",
      "detail": "FCF margin: -6.6% -> +29.6%",
      "severity": "HIGH"
    },
    {
      "quarter": "2023-03 (Q1)",
      "signal": "OPERATING LEVERAGE",
      "detail": "Rev growth +11.9% vs OpEx growth +6.3% (leverage: 1.9x)",
      "severity": "MEDIUM"
    },
    {
      "quarter": "2019-06 (Q2)",
      "signal": "YoY REVENUE GROWTH DECELERATION",
      "detail": "YoY growth: -11.3% vs prior quarter YoY: +9.9% (decel: -21.2%)",
      "severity": "WARNING"
    }
  ],
  "data_quality": {
    "n_quarters": 20,
    "coverage": {
      "revenue": [
        20,
        20
      ],
      "gross_profit": [
        7,
        20
      ],
      "op_income": [
        13,
        20
      ],
      "fcf": [
        13,
        20
      ]
    },
    "gaps": [
      [
        "2019-06 (Q2)",
        "2022-09 (Q3)",
        1188
      ]
    ],
    "warnings": [
      "gross_profit: 7/20Q",
      "op_income: 13/20Q",
      "fcf: 13/20Q",
      "gap: 12Q missing between 2019-06 (Q2) and 2022-09 (Q3)"
    ]
  },
  "market_cap": null,
  "source": "SEC EDGAR",
  "last_updated": "2026-02-02T21:29:48.256190"
}