{
  "ticker": "WTFC",
  "name": "WINTRUST FINANCIAL CORP",
  "quarters": [
    {
      "date": "2020-03-31T00:00:00",
      "quarter_label": "2020-03 (Q1)",
      "revenue": 374685000,
      "gross_profit": null,
      "operating_income": null,
      "net_income": null,
      "opex": null,
      "cogs": null,
      "rd": null,
      "sga": null,
      "fcf": null,
      "ocf": null,
      "capex": -21385000,
      "gross_margin": null,
      "op_margin": null,
      "fcf_margin": null
    },
    {
      "date": "2020-06-30T00:00:00",
      "quarter_label": "2020-06 (Q2)",
      "revenue": 425124000,
      "gross_profit": null,
      "operating_income": null,
      "net_income": null,
      "opex": null,
      "cogs": null,
      "rd": null,
      "sga": null,
      "fcf": null,
      "ocf": null,
      "capex": -16747000,
      "gross_margin": null,
      "op_margin": null,
      "fcf_margin": null
    },
    {
      "date": "2020-09-30T00:00:00",
      "quarter_label": "2020-09 (Q3)",
      "revenue": 426529000,
      "gross_profit": null,
      "operating_income": null,
      "net_income": null,
      "opex": null,
      "cogs": null,
      "rd": null,
      "sga": null,
      "fcf": null,
      "ocf": null,
      "capex": -16260000,
      "gross_margin": null,
      "op_margin": null,
      "fcf_margin": null
    },
    {
      "date": "2020-12-31T00:00:00",
      "quarter_label": "2020-12 (Q4)",
      "revenue": -1056208000,
      "gross_profit": null,
      "operating_income": null,
      "net_income": 101204000,
      "opex": null,
      "cogs": null,
      "rd": null,
      "sga": null,
      "fcf": -104567000,
      "ocf": -95313000,
      "capex": -9254000,
      "gross_margin": null,
      "op_margin": null,
      "fcf_margin": 0.09900227985396816
    },
    {
      "date": "2021-03-31T00:00:00",
      "quarter_label": "2021-03 (Q1)",
      "revenue": 448401000,
      "gross_profit": null,
      "operating_income": null,
      "net_income": 153148000,
      "opex": null,
      "cogs": null,
      "rd": null,
      "sga": null,
      "fcf": 212393000,
      "ocf": 216781000,
      "capex": -4388000,
      "gross_margin": null,
      "op_margin": null,
      "fcf_margin": 0.47366754311431064,
      "rev_growth_yoy": 0.19674126266063494,
      "fcf_margin_change": 0.3746652632603425
    },
    {
      "date": "2021-06-30T00:00:00",
      "quarter_label": "2021-06 (Q2)",
      "revenue": 408963000,
      "gross_profit": null,
      "operating_income": null,
      "net_income": 105109000,
      "opex": null,
      "cogs": null,
      "rd": null,
      "sga": null,
      "fcf": 424257000,
      "ocf": 431982000,
      "capex": -7725000,
      "gross_margin": null,
      "op_margin": null,
      "fcf_margin": 1.0373970261368388,
      "rev_growth_yoy": -0.03801479097863212,
      "rev_growth_yoy_accel": -0.23475605363926705,
      "fcf_margin_change": 0.5637294830225281
    },
    {
      "date": "2021-09-30T00:00:00",
      "quarter_label": "2021-09 (Q3)",
      "revenue": 423970000,
      "gross_profit": null,
      "operating_income": null,
      "net_income": 109137000,
      "opex": null,
      "cogs": null,
      "rd": null,
      "sga": null,
      "fcf": 70917000,
      "ocf": 82238000,
      "capex": -11321000,
      "gross_margin": null,
      "op_margin": null,
      "fcf_margin": 0.16726891053612283,
      "rev_growth_yoy": -0.005999592055874278,
      "rev_growth_yoy_accel": 0.032015198922757844,
      "fcf_margin_change": -0.870128115600716
    },
    {
      "date": "2021-12-31T00:00:00",
      "quarter_label": "2021-12 (Q4)",
      "revenue": -1074162000,
      "gross_profit": null,
      "operating_income": null,
      "net_income": 98757000,
      "opex": null,
      "cogs": null,
      "rd": null,
      "sga": null,
      "fcf": 366230000,
      "ocf": 399871000,
      "capex": -33641000,
      "gross_margin": null,
      "op_margin": null,
      "fcf_margin": -0.3409448481700153,
      "fcf_margin_change": -0.5082137587061382
    },
    {
      "date": "2022-03-31T00:00:00",
      "quarter_label": "2022-03 (Q1)",
      "revenue": 462084000,
      "gross_profit": null,
      "operating_income": null,
      "net_income": 127391000,
      "opex": null,
      "cogs": null,
      "rd": null,
      "sga": null,
      "fcf": 450302000,
      "ocf": 458024000,
      "capex": -7722000,
      "gross_margin": null,
      "op_margin": null,
      "fcf_margin": 0.9745024714121242,
      "rev_growth_yoy": 0.030515096977928237,
      "fcf_margin_change": 1.3154473195821395
    },
    {
      "date": "2022-06-30T00:00:00",
      "quarter_label": "2022-06 (Q2)",
      "revenue": 440746000,
      "gross_profit": null,
      "operating_income": null,
      "net_income": 94513000,
      "opex": null,
      "cogs": null,
      "rd": null,
      "sga": null,
      "fcf": 349656000,
      "ocf": 365300000,
      "capex": -15644000,
      "gross_margin": null,
      "op_margin": null,
      "fcf_margin": 0.7933276762579808,
      "rev_growth_yoy": 0.0777160770045212,
      "rev_growth_yoy_accel": 0.04720098002659296,
      "fcf_margin_change": -0.18117479515414336
    },
    {
      "date": "2022-09-30T00:00:00",
      "quarter_label": "2022-09 (Q3)",
      "revenue": 502930000,
      "gross_profit": null,
      "operating_income": null,
      "net_income": 142961000,
      "opex": null,
      "cogs": null,
      "rd": null,
      "sga": null,
      "fcf": 217752000,
      "ocf": 231848000,
      "capex": -14096000,
      "gross_margin": null,
      "op_margin": null,
      "fcf_margin": 0.43296681446722207,
      "rev_growth_yoy": 0.18623959242399227,
      "rev_growth_yoy_accel": 0.10852351541947107,
      "fcf_margin_change": -0.36036086179075877
    },
    {
      "date": "2022-12-31T00:00:00",
      "quarter_label": "2022-12 (Q4)",
      "revenue": -1188041000,
      "gross_profit": null,
      "operating_income": null,
      "net_income": 144817000,
      "opex": null,
      "cogs": null,
      "rd": null,
      "sga": null,
      "fcf": 303841000,
      "ocf": 319828000,
      "capex": -15987000,
      "gross_margin": null,
      "op_margin": null,
      "fcf_margin": -0.2557495911336393,
      "fcf_margin_change": -0.6887164056008614
    },
    {
      "date": "2023-03-31T00:00:00",
      "quarter_label": "2023-03 (Q1)",
      "revenue": 565764000,
      "gross_profit": null,
      "operating_income": null,
      "net_income": 180198000,
      "opex": null,
      "cogs": null,
      "rd": null,
      "sga": null,
      "fcf": 59302000,
      "ocf": 68441000,
      "capex": -9139000,
      "gross_margin": null,
      "op_margin": null,
      "fcf_margin": 0.10481755643695959,
      "rev_growth_yoy": 0.22437478899940272,
      "fcf_margin_change": 0.36056714757059893
    },
    {
      "date": "2023-06-30T00:00:00",
      "quarter_label": "2023-06 (Q2)",
      "revenue": 560567000,
      "gross_profit": null,
      "operating_income": null,
      "net_income": 154750000,
      "opex": null,
      "cogs": null,
      "rd": null,
      "sga": null,
      "fcf": 339572000,
      "ocf": 339751000,
      "capex": -179000,
      "gross_margin": null,
      "op_margin": null,
      "fcf_margin": 0.6057652341290158,
      "rev_growth_yoy": 0.27185952907116573,
      "rev_growth_yoy_accel": 0.04748474007176301,
      "fcf_margin_change": 0.5009476776920563
    },
    {
      "date": "2023-09-30T00:00:00",
      "quarter_label": "2023-09 (Q3)",
      "revenue": 574836000,
      "gross_profit": null,
      "operating_income": null,
      "net_income": 164198000,
      "opex": null,
      "cogs": null,
      "rd": null,
      "sga": null,
      "fcf": 68357000,
      "ocf": 88257000,
      "capex": -19900000,
      "gross_margin": null,
      "op_margin": null,
      "fcf_margin": 0.11891565594360827,
      "rev_growth_yoy": 0.1429741713558547,
      "rev_growth_yoy_accel": -0.12888535771531104,
      "fcf_margin_change": -0.4868495781854076
    },
    {
      "date": "2023-12-31T00:00:00",
      "quarter_label": "2023-12 (Q4)",
      "revenue": -1480724000,
      "gross_profit": null,
      "operating_income": null,
      "net_income": 123480000,
      "opex": null,
      "cogs": null,
      "rd": null,
      "sga": null,
      "fcf": 230739000,
      "ocf": 247927000,
      "capex": -17188000,
      "gross_margin": null,
      "op_margin": null,
      "fcf_margin": -0.15582850011210733,
      "fcf_margin_change": -0.2747441560557156
    },
    {
      "date": "2024-03-31T00:00:00",
      "quarter_label": "2024-03 (Q1)",
      "revenue": 604774000,
      "gross_profit": null,
      "operating_income": null,
      "net_income": 187294000,
      "opex": null,
      "cogs": null,
      "rd": null,
      "sga": null,
      "fcf": 60526000,
      "ocf": 71125000,
      "capex": -10599000,
      "gross_margin": null,
      "op_margin": null,
      "fcf_margin": 0.10008036059751246,
      "rev_growth_yoy": 0.06895101137576799,
      "fcf_margin_change": 0.2559088607096198
    },
    {
      "date": "2024-06-30T00:00:00",
      "quarter_label": "2024-06 (Q2)",
      "revenue": 591757000,
      "gross_profit": null,
      "operating_income": null,
      "net_income": 152388000,
      "opex": null,
      "cogs": null,
      "rd": null,
      "sga": null,
      "fcf": 182080000,
      "ocf": 221240000,
      "capex": -39160000,
      "gross_margin": null,
      "op_margin": null,
      "fcf_margin": 0.3076938675841604,
      "rev_growth_yoy": 0.055640092977289064,
      "rev_growth_yoy_accel": -0.013310918398478928,
      "fcf_margin_change": 0.20761350698664793
    },
    {
      "date": "2024-09-30T00:00:00",
      "quarter_label": "2024-09 (Q3)",
      "revenue": 615730000,
      "gross_profit": null,
      "operating_income": null,
      "net_income": 170001000,
      "opex": null,
      "cogs": null,
      "rd": null,
      "sga": null,
      "fcf": -78324000,
      "ocf": -61626000,
      "capex": -16698000,
      "gross_margin": null,
      "op_margin": null,
      "fcf_margin": -0.12720510613418218,
      "rev_growth_yoy": 0.07114029044805822,
      "rev_growth_yoy_accel": 0.01550019747076916,
      "fcf_margin_change": -0.4348989737183426
    },
    {
      "date": "2024-12-31T00:00:00",
      "quarter_label": "2024-12 (Q4)",
      "revenue": -1561519000,
      "gross_profit": null,
      "operating_income": null,
      "net_income": 185362000,
      "opex": null,
      "cogs": null,
      "rd": null,
      "sga": null,
      "fcf": 471243000,
      "ocf": 490818000,
      "capex": -19575000,
      "gross_margin": null,
      "op_margin": null,
      "fcf_margin": -0.30178499268981035,
      "fcf_margin_change": -0.17457988655562817
    }
  ],
  "signals": [
    {
      "quarter": "2024-06 (Q2)",
      "signal": "FCF MARGIN EXPANSION",
      "detail": "FCF margin: +10.0% -> +30.8% (+20.8%)",
      "severity": "MEDIUM"
    },
    {
      "quarter": "2024-03 (Q1)",
      "signal": "FCF TURNED POSITIVE",
      "detail": "FCF margin: -15.6% -> +10.0%",
      "severity": "HIGH"
    },
    {
      "quarter": "2023-09 (Q3)",
      "signal": "YoY REVENUE GROWTH DECELERATION",
      "detail": "YoY growth: +14.3% vs prior quarter YoY: +27.2% (decel: -12.9%)",
      "severity": "WARNING"
    },
    {
      "quarter": "2023-06 (Q2)",
      "signal": "FCF MARGIN EXPANSION",
      "detail": "FCF margin: +10.5% -> +60.6% (+50.1%)",
      "severity": "MEDIUM"
    },
    {
      "quarter": "2023-03 (Q1)",
      "signal": "FCF TURNED POSITIVE",
      "detail": "FCF margin: -25.6% -> +10.5%",
      "severity": "HIGH"
    },
    {
      "quarter": "2022-09 (Q3)",
      "signal": "YoY REVENUE GROWTH ACCELERATION",
      "detail": "YoY growth: +18.6% vs prior quarter YoY: +7.8% (accel: +10.9%)",
      "severity": "MEDIUM"
    },
    {
      "quarter": "2022-03 (Q1)",
      "signal": "FCF TURNED POSITIVE",
      "detail": "FCF margin: -34.1% -> +97.5%",
      "severity": "HIGH"
    },
    {
      "quarter": "2021-06 (Q2)",
      "signal": "FCF MARGIN EXPANSION",
      "detail": "FCF margin: +47.4% -> +103.7% (+56.4%)",
      "severity": "MEDIUM"
    },
    {
      "quarter": "2021-06 (Q2)",
      "signal": "YoY REVENUE GROWTH DECELERATION",
      "detail": "YoY growth: -3.8% vs prior quarter YoY: +19.7% (decel: -23.5%)",
      "severity": "WARNING"
    },
    {
      "quarter": "2021-03 (Q1)",
      "signal": "FCF MARGIN EXPANSION",
      "detail": "FCF margin: +9.9% -> +47.4% (+37.5%)",
      "severity": "MEDIUM"
    }
  ],
  "data_quality": {
    "n_quarters": 20,
    "coverage": {
      "revenue": [
        20,
        20
      ],
      "gross_profit": [
        0,
        20
      ],
      "op_income": [
        0,
        20
      ],
      "fcf": [
        17,
        20
      ]
    },
    "gaps": [],
    "warnings": [
      "gross_profit: no data",
      "op_income: no data"
    ]
  },
  "market_cap": null,
  "source": "SEC EDGAR",
  "last_updated": "2026-02-02T20:39:19.288838"
}