{
  "ticker": "WTI",
  "name": "W&T OFFSHORE,\u00a0INC.",
  "quarters": [
    {
      "date": "2020-12-31T00:00:00",
      "quarter_label": "2020-12 (Q4)",
      "revenue": 94748000,
      "gross_profit": null,
      "operating_income": 349000,
      "net_income": -8947000,
      "opex": 94399000,
      "cogs": null,
      "rd": null,
      "sga": null,
      "fcf": -6229000,
      "ocf": -6229000,
      "capex": null,
      "gross_margin": null,
      "op_margin": 0.0036834550597374086,
      "fcf_margin": -0.06574281251319289
    },
    {
      "date": "2021-03-31T00:00:00",
      "quarter_label": "2021-03 (Q1)",
      "revenue": 125647000,
      "gross_profit": null,
      "operating_income": 15048000,
      "net_income": -746000,
      "opex": 110599000,
      "cogs": null,
      "rd": null,
      "sga": null,
      "fcf": 44964000,
      "ocf": 44964000,
      "capex": null,
      "gross_margin": null,
      "op_margin": 0.1197641010131559,
      "fcf_margin": 0.357859718099119,
      "op_leverage_ratio": 1.9003200569203191,
      "fcf_margin_change": 0.4236025306123119
    },
    {
      "date": "2021-06-30T00:00:00",
      "quarter_label": "2021-06 (Q2)",
      "revenue": 132828000,
      "gross_profit": null,
      "operating_income": -47882000,
      "net_income": -51672000,
      "opex": 180710000,
      "cogs": null,
      "rd": null,
      "sga": null,
      "fcf": 1230000,
      "ocf": 1230000,
      "capex": null,
      "gross_margin": null,
      "op_margin": -0.36048122383834735,
      "fcf_margin": 0.009260095762941548,
      "op_leverage_ratio": 0.09015666572470123,
      "fcf_margin_change": -0.3485996223361774
    },
    {
      "date": "2021-09-30T00:00:00",
      "quarter_label": "2021-09 (Q3)",
      "revenue": 133946000,
      "gross_profit": null,
      "operating_income": -24956000,
      "net_income": -37964000,
      "opex": 158902000,
      "cogs": null,
      "rd": null,
      "sga": null,
      "fcf": 65097000,
      "ocf": 65097000,
      "capex": null,
      "gross_margin": null,
      "op_margin": -0.18631388768608245,
      "fcf_margin": 0.48599435593448104,
      "fcf_margin_change": 0.47673426017153947
    },
    {
      "date": "2021-12-31T00:00:00",
      "quarter_label": "2021-12 (Q4)",
      "revenue": 165589000,
      "gross_profit": null,
      "operating_income": 247452000,
      "net_income": 48904000,
      "opex": -81863000,
      "cogs": null,
      "rd": null,
      "sga": null,
      "fcf": 22377000,
      "ocf": 22377000,
      "capex": null,
      "gross_margin": null,
      "op_margin": 1.4943746263338749,
      "fcf_margin": 0.1351357880052419,
      "incr_op_margin_yoy": 3.4881354018153328,
      "rev_growth_yoy": 0.7476780512517415,
      "op_leverage_ratio": Infinity,
      "fcf_margin_change": -0.35085856792923914
    },
    {
      "date": "2022-03-31T00:00:00",
      "quarter_label": "2022-03 (Q1)",
      "revenue": 191004000,
      "gross_profit": null,
      "operating_income": 97639000,
      "net_income": -2457000,
      "opex": 93365000,
      "cogs": null,
      "rd": null,
      "sga": null,
      "fcf": 27537000,
      "ocf": 27537000,
      "capex": null,
      "gross_margin": null,
      "op_margin": 0.5111882473665473,
      "fcf_margin": 0.1441697556072124,
      "incr_op_margin_yoy": 1.2636901938583471,
      "rev_growth_yoy": 0.5201636330354087,
      "rev_growth_yoy_accel": -0.22751441821633278,
      "op_leverage_ratio": Infinity,
      "fcf_margin_change": 0.009033967601970505
    },
    {
      "date": "2022-06-30T00:00:00",
      "quarter_label": "2022-06 (Q2)",
      "revenue": 273808000,
      "gross_profit": null,
      "operating_income": 162324000,
      "net_income": 123436000,
      "opex": 111484000,
      "cogs": null,
      "rd": null,
      "sga": null,
      "fcf": 210222000,
      "ocf": 210222000,
      "capex": null,
      "gross_margin": null,
      "op_margin": 0.5928387775375445,
      "fcf_margin": 0.7677715771635598,
      "incr_op_margin_yoy": 1.4910341892467016,
      "rev_growth_yoy": 1.0613726021621948,
      "rev_growth_yoy_accel": 0.5412089691267861,
      "op_leverage_ratio": 2.2338742957702094,
      "fcf_margin_change": 0.6236018215563475
    },
    {
      "date": "2022-09-30T00:00:00",
      "quarter_label": "2022-09 (Q3)",
      "revenue": 266485000,
      "gross_profit": null,
      "operating_income": 138116000,
      "net_income": 66721000,
      "opex": 128369000,
      "cogs": null,
      "rd": null,
      "sga": null,
      "fcf": 89092000,
      "ocf": 89092000,
      "capex": null,
      "gross_margin": null,
      "op_margin": 0.5182880837570595,
      "fcf_margin": 0.33432275737846406,
      "incr_op_margin_yoy": 1.2303699288511305,
      "rev_growth_yoy": 0.9894957669508608,
      "rev_growth_yoy_accel": -0.07187683521133392,
      "fcf_margin_change": -0.43344881978509575
    },
    {
      "date": "2022-12-31T00:00:00",
      "quarter_label": "2022-12 (Q4)",
      "revenue": 189700000,
      "gross_profit": null,
      "operating_income": 55999000,
      "net_income": 43449000,
      "opex": 133701000,
      "cogs": null,
      "rd": null,
      "sga": null,
      "fcf": 12679000,
      "ocf": 12679000,
      "capex": null,
      "gross_margin": null,
      "op_margin": 0.29519768054823403,
      "fcf_margin": 0.06683711122825514,
      "incr_op_margin_yoy": -7.940483596698602,
      "rev_growth_yoy": 0.1456074980826021,
      "rev_growth_yoy_accel": -0.8438882688682587,
      "fcf_margin_change": -0.2674856461502089
    },
    {
      "date": "2023-03-31T00:00:00",
      "quarter_label": "2023-03 (Q1)",
      "revenue": 131725000,
      "gross_profit": null,
      "operating_income": 10350000,
      "net_income": 26005000,
      "opex": 121375000,
      "cogs": null,
      "rd": null,
      "sga": null,
      "fcf": 23435000,
      "ocf": 23435000,
      "capex": null,
      "gross_margin": null,
      "op_margin": 0.07857278420952743,
      "fcf_margin": 0.17790852154108938,
      "incr_op_margin_yoy": 1.4725113446583107,
      "rev_growth_yoy": -0.31035475696844045,
      "rev_growth_yoy_accel": -0.45596225505104254,
      "fcf_margin_change": 0.11107141031283424
    },
    {
      "date": "2023-06-30T00:00:00",
      "quarter_label": "2023-06 (Q2)",
      "revenue": 126181000,
      "gross_profit": null,
      "operating_income": 71000,
      "net_income": -12109000,
      "opex": 126110000,
      "cogs": null,
      "rd": null,
      "sga": null,
      "fcf": 26197000,
      "ocf": 26197000,
      "capex": null,
      "gross_margin": null,
      "op_margin": 0.0005626837637996212,
      "fcf_margin": 0.20761445859519262,
      "incr_op_margin_yoy": 1.099074017625502,
      "rev_growth_yoy": -0.5391624788172734,
      "rev_growth_yoy_accel": -0.22880772184883297,
      "fcf_margin_change": 0.029705937054103237
    },
    {
      "date": "2023-09-30T00:00:00",
      "quarter_label": "2023-09 (Q3)",
      "revenue": 142411000,
      "gross_profit": null,
      "operating_income": 17283000,
      "net_income": 2145000,
      "opex": 125128000,
      "cogs": null,
      "rd": null,
      "sga": null,
      "fcf": 30030000,
      "ocf": 30030000,
      "capex": null,
      "gross_margin": null,
      "op_margin": 0.12136000730280666,
      "fcf_margin": 0.21086854245809664,
      "incr_op_margin_yoy": 0.9738784918677563,
      "rev_growth_yoy": -0.46559468638009643,
      "rev_growth_yoy_accel": 0.07356779243717698,
      "op_leverage_ratio": Infinity,
      "fcf_margin_change": 0.003254083862904017
    },
    {
      "date": "2023-12-31T00:00:00",
      "quarter_label": "2023-12 (Q4)",
      "revenue": 132340000,
      "gross_profit": null,
      "operating_income": 1791000,
      "net_income": -443000,
      "opex": 130549000,
      "cogs": null,
      "rd": null,
      "sga": null,
      "fcf": 35664000,
      "ocf": 35664000,
      "capex": null,
      "gross_margin": null,
      "op_margin": 0.013533323258274142,
      "fcf_margin": 0.26948768324013905,
      "incr_op_margin_yoy": 0.9450488145048814,
      "rev_growth_yoy": -0.30237216657880867,
      "rev_growth_yoy_accel": 0.16322251980128777,
      "fcf_margin_change": 0.05861914078204242
    },
    {
      "date": "2024-03-31T00:00:00",
      "quarter_label": "2024-03 (Q1)",
      "revenue": 140787000,
      "gross_profit": null,
      "operating_income": -4000,
      "net_income": -11474000,
      "opex": 140791000,
      "cogs": null,
      "rd": null,
      "sga": null,
      "fcf": 11642000,
      "ocf": 11642000,
      "capex": null,
      "gross_margin": null,
      "op_margin": -2.841171414974394e-05,
      "fcf_margin": 0.08269229403282974,
      "incr_op_margin_yoy": -1.1425733833590819,
      "rev_growth_yoy": 0.06879483773011957,
      "rev_growth_yoy_accel": 0.37116700430892824,
      "op_leverage_ratio": 0.8135797713764263,
      "fcf_margin_change": -0.18679538920730931
    },
    {
      "date": "2024-06-30T00:00:00",
      "quarter_label": "2024-06 (Q2)",
      "revenue": 142757000,
      "gross_profit": null,
      "operating_income": -6236000,
      "net_income": -15388000,
      "opex": 148993000,
      "cogs": null,
      "rd": null,
      "sga": null,
      "fcf": 37446000,
      "ocf": 37446000,
      "capex": null,
      "gross_margin": null,
      "op_margin": -0.043682621517683894,
      "fcf_margin": 0.26230587641937,
      "incr_op_margin_yoy": -0.38048986486486486,
      "rev_growth_yoy": 0.13136684603862706,
      "rev_growth_yoy_accel": 0.06257200830850748,
      "op_leverage_ratio": 0.24019214473017253,
      "fcf_margin_change": 0.17961358238654024
    },
    {
      "date": "2024-09-30T00:00:00",
      "quarter_label": "2024-09 (Q3)",
      "revenue": 121372000,
      "gross_profit": null,
      "operating_income": -18964000,
      "net_income": -36921000,
      "opex": 140336000,
      "cogs": null,
      "rd": null,
      "sga": null,
      "fcf": 14768000,
      "ocf": 14768000,
      "capex": null,
      "gross_margin": null,
      "op_margin": -0.15624691032528096,
      "fcf_margin": 0.12167551000230696,
      "incr_op_margin_yoy": 1.7228480441085603,
      "rev_growth_yoy": -0.14773437445141177,
      "rev_growth_yoy_accel": -0.2791012204900388,
      "fcf_margin_change": -0.140630366417063
    },
    {
      "date": "2024-12-31T00:00:00",
      "quarter_label": "2024-12 (Q4)",
      "revenue": 120345000,
      "gross_profit": null,
      "operating_income": -16990000,
      "net_income": -23362000,
      "opex": 137335000,
      "cogs": null,
      "rd": null,
      "sga": null,
      "fcf": -4317000,
      "ocf": -4317000,
      "capex": null,
      "gross_margin": null,
      "op_margin": -0.14117744816984504,
      "fcf_margin": -0.03587186837841207,
      "incr_op_margin_yoy": 1.5657357232180076,
      "rev_growth_yoy": -0.09063775124678858,
      "rev_growth_yoy_accel": 0.05709662320462319,
      "fcf_margin_change": -0.15754737838071903
    },
    {
      "date": "2025-03-31T00:00:00",
      "quarter_label": "2025-03 (Q1)",
      "revenue": 129867000,
      "gross_profit": null,
      "operating_income": -8244000,
      "net_income": -30577000,
      "opex": 138111000,
      "cogs": null,
      "rd": null,
      "sga": null,
      "fcf": -3196000,
      "ocf": -3196000,
      "capex": null,
      "gross_margin": null,
      "op_margin": -0.06348032987595001,
      "fcf_margin": -0.024609793096013615,
      "incr_op_margin_yoy": 0.7545787545787546,
      "rev_growth_yoy": -0.07756397962880096,
      "rev_growth_yoy_accel": 0.013073771617987617,
      "op_leverage_ratio": 14.002953172001627,
      "fcf_margin_change": 0.011262075282398452
    },
    {
      "date": "2025-06-30T00:00:00",
      "quarter_label": "2025-06 (Q2)",
      "revenue": 122367000,
      "gross_profit": null,
      "operating_income": -12853000,
      "net_income": -20884000,
      "opex": 135220000,
      "cogs": null,
      "rd": null,
      "sga": null,
      "fcf": 27962000,
      "ocf": 27962000,
      "capex": null,
      "gross_margin": null,
      "op_margin": -0.10503648859578155,
      "fcf_margin": 0.22850932032328977,
      "incr_op_margin_yoy": 0.3245218244237371,
      "rev_growth_yoy": -0.14283012391686573,
      "rev_growth_yoy_accel": -0.06526614428806476,
      "fcf_margin_change": 0.2531191134193034
    },
    {
      "date": "2025-09-30T00:00:00",
      "quarter_label": "2025-09 (Q3)",
      "revenue": 127515000,
      "gross_profit": null,
      "operating_income": -12610000,
      "net_income": -71474000,
      "opex": 140125000,
      "cogs": null,
      "rd": null,
      "sga": null,
      "fcf": 26537000,
      "ocf": 26537000,
      "capex": null,
      "gross_margin": null,
      "op_margin": -0.09889032662823981,
      "fcf_margin": 0.20810884993922282,
      "incr_op_margin_yoy": 1.0343480384177113,
      "rev_growth_yoy": 0.05061299146425864,
      "rev_growth_yoy_accel": 0.19344311538112435,
      "op_leverage_ratio": 1.1597814155537376,
      "fcf_margin_change": -0.02040047038406695
    }
  ],
  "signals": [
    {
      "quarter": "2025-09 (Q3)",
      "signal": "YoY REVENUE GROWTH ACCELERATION",
      "detail": "YoY growth: +5.1% vs prior quarter YoY: -14.3% (accel: +19.3%)",
      "severity": "HIGH"
    },
    {
      "quarter": "2025-06 (Q2)",
      "signal": "FCF TURNED POSITIVE",
      "detail": "FCF margin: -2.5% -> +22.9%",
      "severity": "HIGH"
    },
    {
      "quarter": "2025-06 (Q2)",
      "signal": "YoY REVENUE GROWTH DECELERATION",
      "detail": "YoY growth: -14.3% vs prior quarter YoY: -7.8% (decel: -6.5%)",
      "severity": "WARNING"
    },
    {
      "quarter": "2025-03 (Q1)",
      "signal": "OPERATING LEVERAGE",
      "detail": "Rev growth +7.9% vs OpEx growth +0.6% (leverage: 14.0x)",
      "severity": "MEDIUM"
    },
    {
      "quarter": "2024-12 (Q4)",
      "signal": "YoY REVENUE GROWTH ACCELERATION",
      "detail": "YoY growth: -9.1% vs prior quarter YoY: -14.8% (accel: +5.7%)",
      "severity": "MEDIUM"
    },
    {
      "quarter": "2024-09 (Q3)",
      "signal": "YoY REVENUE GROWTH DECELERATION",
      "detail": "YoY growth: -14.8% vs prior quarter YoY: +13.1% (decel: -27.9%)",
      "severity": "WARNING"
    },
    {
      "quarter": "2024-06 (Q2)",
      "signal": "FCF MARGIN EXPANSION",
      "detail": "FCF margin: +8.3% -> +26.2% (+18.0%)",
      "severity": "MEDIUM"
    },
    {
      "quarter": "2024-06 (Q2)",
      "signal": "YoY REVENUE GROWTH ACCELERATION",
      "detail": "YoY growth: +13.1% vs prior quarter YoY: +6.9% (accel: +6.3%)",
      "severity": "MEDIUM"
    },
    {
      "quarter": "2024-03 (Q1)",
      "signal": "YoY REVENUE GROWTH ACCELERATION",
      "detail": "YoY growth: +6.9% vs prior quarter YoY: -30.2% (accel: +37.1%)",
      "severity": "HIGH"
    },
    {
      "quarter": "2023-12 (Q4)",
      "signal": "FCF MARGIN EXPANSION",
      "detail": "FCF margin: +21.1% -> +26.9% (+5.9%)",
      "severity": "MEDIUM"
    },
    {
      "quarter": "2023-12 (Q4)",
      "signal": "YoY REVENUE GROWTH ACCELERATION",
      "detail": "YoY growth: -30.2% vs prior quarter YoY: -46.6% (accel: +16.3%)",
      "severity": "HIGH"
    },
    {
      "quarter": "2023-12 (Q4)",
      "signal": "INCREMENTAL MARGIN (YoY)",
      "detail": "YoY Incr OPM: +94.5% vs year-ago OPM: +29.5%",
      "severity": "HIGH"
    },
    {
      "quarter": "2023-09 (Q3)",
      "signal": "YoY REVENUE GROWTH ACCELERATION",
      "detail": "YoY growth: -46.6% vs prior quarter YoY: -53.9% (accel: +7.4%)",
      "severity": "MEDIUM"
    },
    {
      "quarter": "2023-09 (Q3)",
      "signal": "INCREMENTAL MARGIN (YoY)",
      "detail": "YoY Incr OPM: +97.4% vs year-ago OPM: +51.8%",
      "severity": "HIGH"
    },
    {
      "quarter": "2023-06 (Q2)",
      "signal": "YoY REVENUE GROWTH DECELERATION",
      "detail": "YoY growth: -53.9% vs prior quarter YoY: -31.0% (decel: -22.9%)",
      "severity": "WARNING"
    },
    {
      "quarter": "2023-06 (Q2)",
      "signal": "INCREMENTAL MARGIN (YoY)",
      "detail": "YoY Incr OPM: +109.9% vs year-ago OPM: +59.3%",
      "severity": "HIGH"
    },
    {
      "quarter": "2023-03 (Q1)",
      "signal": "FCF MARGIN EXPANSION",
      "detail": "FCF margin: +6.7% -> +17.8% (+11.1%)",
      "severity": "MEDIUM"
    },
    {
      "quarter": "2023-03 (Q1)",
      "signal": "YoY REVENUE GROWTH DECELERATION",
      "detail": "YoY growth: -31.0% vs prior quarter YoY: +14.6% (decel: -45.6%)",
      "severity": "WARNING"
    },
    {
      "quarter": "2023-03 (Q1)",
      "signal": "INCREMENTAL MARGIN (YoY)",
      "detail": "YoY Incr OPM: +147.3% vs year-ago OPM: +51.1%",
      "severity": "HIGH"
    },
    {
      "quarter": "2022-12 (Q4)",
      "signal": "YoY REVENUE GROWTH DECELERATION",
      "detail": "YoY growth: +14.6% vs prior quarter YoY: +98.9% (decel: -84.4%)",
      "severity": "WARNING"
    },
    {
      "quarter": "2022-09 (Q3)",
      "signal": "YoY REVENUE GROWTH DECELERATION",
      "detail": "YoY growth: +98.9% vs prior quarter YoY: +106.1% (decel: -7.2%)",
      "severity": "WARNING"
    },
    {
      "quarter": "2022-09 (Q3)",
      "signal": "OP MARGIN TURNED POSITIVE (YoY)",
      "detail": "Op margin: -18.6% (year-ago) -> +51.8%",
      "severity": "HIGH"
    },
    {
      "quarter": "2022-06 (Q2)",
      "signal": "FCF MARGIN EXPANSION",
      "detail": "FCF margin: +14.4% -> +76.8% (+62.4%)",
      "severity": "MEDIUM"
    },
    {
      "quarter": "2022-06 (Q2)",
      "signal": "OPERATING LEVERAGE",
      "detail": "Rev growth +43.4% vs OpEx growth +19.4% (leverage: 2.2x)",
      "severity": "MEDIUM"
    },
    {
      "quarter": "2022-06 (Q2)",
      "signal": "YoY REVENUE GROWTH ACCELERATION",
      "detail": "YoY growth: +106.1% vs prior quarter YoY: +52.0% (accel: +54.1%)",
      "severity": "HIGH"
    },
    {
      "quarter": "2022-06 (Q2)",
      "signal": "OP MARGIN TURNED POSITIVE (YoY)",
      "detail": "Op margin: -36.0% (year-ago) -> +59.3%",
      "severity": "HIGH"
    },
    {
      "quarter": "2022-03 (Q1)",
      "signal": "YoY REVENUE GROWTH DECELERATION",
      "detail": "YoY growth: +52.0% vs prior quarter YoY: +74.8% (decel: -22.8%)",
      "severity": "WARNING"
    },
    {
      "quarter": "2022-03 (Q1)",
      "signal": "INCREMENTAL MARGIN (YoY)",
      "detail": "YoY Incr OPM: +126.4% vs year-ago OPM: +12.0%",
      "severity": "HIGH"
    },
    {
      "quarter": "2021-12 (Q4)",
      "signal": "INCREMENTAL MARGIN (YoY)",
      "detail": "YoY Incr OPM: +348.8% vs year-ago OPM: +0.4%",
      "severity": "HIGH"
    },
    {
      "quarter": "2021-12 (Q4)",
      "signal": "OP MARGIN TURNED POSITIVE (QoQ)",
      "detail": "Op margin: -18.6% -> +149.4%",
      "severity": "HIGH"
    },
    {
      "quarter": "2021-09 (Q3)",
      "signal": "FCF MARGIN EXPANSION",
      "detail": "FCF margin: +0.9% -> +48.6% (+47.7%)",
      "severity": "MEDIUM"
    },
    {
      "quarter": "2021-03 (Q1)",
      "signal": "FCF TURNED POSITIVE",
      "detail": "FCF margin: -6.6% -> +35.8%",
      "severity": "HIGH"
    },
    {
      "quarter": "2021-03 (Q1)",
      "signal": "OPERATING LEVERAGE",
      "detail": "Rev growth +32.6% vs OpEx growth +17.2% (leverage: 1.9x)",
      "severity": "MEDIUM"
    }
  ],
  "data_quality": {
    "n_quarters": 20,
    "coverage": {
      "revenue": [
        20,
        20
      ],
      "gross_profit": [
        0,
        20
      ],
      "op_income": [
        20,
        20
      ],
      "fcf": [
        20,
        20
      ]
    },
    "gaps": [],
    "warnings": [
      "gross_profit: no data"
    ]
  },
  "market_cap": null,
  "source": "SEC EDGAR",
  "last_updated": "2026-02-02T22:45:15.503192"
}