{
  "ticker": "WTM",
  "name": "WHITE MOUNTAINS INSURANCE GROUP,\u00a0LTD",
  "quarters": [
    {
      "date": "2020-12-31T00:00:00",
      "quarter_label": "2020-12 (Q4)",
      "revenue": 520800000,
      "gross_profit": 516000000,
      "operating_income": null,
      "net_income": null,
      "opex": null,
      "cogs": 4800000,
      "rd": null,
      "sga": null,
      "fcf": -72800000,
      "ocf": -72800000,
      "capex": null,
      "gross_margin": 0.9907834101382489,
      "op_margin": null,
      "fcf_margin": -0.13978494623655913
    },
    {
      "date": "2021-03-31T00:00:00",
      "quarter_label": "2021-03 (Q1)",
      "revenue": 178200000,
      "gross_profit": 174200000,
      "operating_income": null,
      "net_income": -75300000,
      "opex": null,
      "cogs": 4000000,
      "rd": null,
      "sga": null,
      "fcf": -92800000,
      "ocf": -92800000,
      "capex": null,
      "gross_margin": 0.9775533108866442,
      "op_margin": null,
      "fcf_margin": -0.5207631874298541,
      "fcf_margin_change": -0.38097824119329493
    },
    {
      "date": "2021-06-30T00:00:00",
      "quarter_label": "2021-06 (Q2)",
      "revenue": 426700000,
      "gross_profit": 408800000,
      "operating_income": null,
      "net_income": 138500000,
      "opex": null,
      "cogs": 17900000,
      "rd": null,
      "sga": null,
      "fcf": 106700000,
      "ocf": 106700000,
      "capex": null,
      "gross_margin": 0.9580501523318491,
      "op_margin": null,
      "fcf_margin": 0.2500585891727209,
      "fcf_margin_change": 0.7708217766025749
    },
    {
      "date": "2021-09-30T00:00:00",
      "quarter_label": "2021-09 (Q3)",
      "revenue": -10100000,
      "gross_profit": -34100000,
      "operating_income": null,
      "net_income": -371400000,
      "opex": null,
      "cogs": 24000000,
      "rd": null,
      "sga": null,
      "fcf": 32100000,
      "ocf": 32100000,
      "capex": null,
      "gross_margin": 3.376237623762376,
      "op_margin": null,
      "fcf_margin": -3.1782178217821784,
      "fcf_margin_change": -3.4282764109548993
    },
    {
      "date": "2021-12-31T00:00:00",
      "quarter_label": "2021-12 (Q4)",
      "revenue": 350000000,
      "gross_profit": 326600000,
      "operating_income": null,
      "net_income": 32800000,
      "opex": null,
      "cogs": 23400000,
      "rd": null,
      "sga": null,
      "fcf": -7400000,
      "ocf": -7400000,
      "capex": null,
      "gross_margin": 0.9331428571428572,
      "op_margin": null,
      "fcf_margin": -0.021142857142857144,
      "rev_growth_yoy": -0.3279569892473118,
      "fcf_margin_change": 3.157074964639321
    },
    {
      "date": "2022-03-31T00:00:00",
      "quarter_label": "2022-03 (Q1)",
      "revenue": 348900000,
      "gross_profit": 327500000,
      "operating_income": null,
      "net_income": 33400000,
      "opex": null,
      "cogs": 21400000,
      "rd": null,
      "sga": null,
      "fcf": -41500000,
      "ocf": -41500000,
      "capex": null,
      "gross_margin": 0.938664373746059,
      "op_margin": null,
      "fcf_margin": -0.11894525652049298,
      "rev_growth_yoy": 0.9579124579124579,
      "rev_growth_yoy_accel": 1.2858694471597698,
      "fcf_margin_change": -0.09780239937763584
    },
    {
      "date": "2022-06-30T00:00:00",
      "quarter_label": "2022-06 (Q2)",
      "revenue": 76700000,
      "gross_profit": 54300000,
      "operating_income": null,
      "net_income": -169200000,
      "opex": null,
      "cogs": 22400000,
      "rd": null,
      "sga": null,
      "fcf": 81400000,
      "ocf": 81400000,
      "capex": null,
      "gross_margin": 0.7079530638852672,
      "op_margin": null,
      "fcf_margin": 1.061277705345502,
      "rev_growth_yoy": -0.8202484180923365,
      "rev_growth_yoy_accel": -1.7781608760047944,
      "fcf_margin_change": 1.180222961865995
    },
    {
      "date": "2022-09-30T00:00:00",
      "quarter_label": "2022-09 (Q3)",
      "revenue": 383200000,
      "gross_profit": 358200000,
      "operating_income": null,
      "net_income": 888200000,
      "opex": null,
      "cogs": 25000000,
      "rd": null,
      "sga": null,
      "fcf": 117000000,
      "ocf": 117000000,
      "capex": null,
      "gross_margin": 0.9347599164926931,
      "op_margin": null,
      "fcf_margin": 0.30532359081419624,
      "fcf_margin_change": -0.7559541145313058
    },
    {
      "date": "2022-12-31T00:00:00",
      "quarter_label": "2022-12 (Q4)",
      "revenue": 437600000,
      "gross_profit": 407800000,
      "operating_income": null,
      "net_income": 40400000,
      "opex": null,
      "cogs": 29800000,
      "rd": null,
      "sga": null,
      "fcf": 208100000,
      "ocf": 208100000,
      "capex": null,
      "gross_margin": 0.9319012797074955,
      "op_margin": null,
      "fcf_margin": 0.47554844606946983,
      "rev_growth_yoy": 0.2502857142857143,
      "fcf_margin_change": 0.1702248552552736
    },
    {
      "date": "2023-03-31T00:00:00",
      "quarter_label": "2023-03 (Q1)",
      "revenue": 531900000,
      "gross_profit": 518000000,
      "operating_income": null,
      "net_income": 179500000,
      "opex": null,
      "cogs": 13900000,
      "rd": null,
      "sga": null,
      "fcf": 85600000,
      "ocf": 85600000,
      "capex": null,
      "gross_margin": 0.9738672682835119,
      "op_margin": null,
      "fcf_margin": 0.1609325061101711,
      "rev_growth_yoy": 0.524505588993981,
      "rev_growth_yoy_accel": 0.27421987470826675,
      "fcf_margin_change": -0.3146159399592987
    },
    {
      "date": "2023-06-30T00:00:00",
      "quarter_label": "2023-06 (Q2)",
      "revenue": 378400000,
      "gross_profit": 366800000,
      "operating_income": null,
      "net_income": 19600000,
      "opex": null,
      "cogs": 11600000,
      "rd": null,
      "sga": null,
      "fcf": 71100000,
      "ocf": 71100000,
      "capex": null,
      "gross_margin": 0.9693446088794926,
      "op_margin": null,
      "fcf_margin": 0.18789640591966172,
      "rev_growth_yoy": 3.9335071707953064,
      "rev_growth_yoy_accel": 3.4090015818013253,
      "fcf_margin_change": 0.026963899809490627
    },
    {
      "date": "2023-09-30T00:00:00",
      "quarter_label": "2023-09 (Q3)",
      "revenue": 519600000,
      "gross_profit": 511600000,
      "operating_income": null,
      "net_income": 23600000,
      "opex": null,
      "cogs": 8000000,
      "rd": null,
      "sga": null,
      "fcf": 222900000,
      "ocf": 222900000,
      "capex": null,
      "gross_margin": 0.9846035411855273,
      "op_margin": null,
      "fcf_margin": 0.4289838337182448,
      "rev_growth_yoy": 0.3559498956158664,
      "rev_growth_yoy_accel": -3.57755727517944,
      "fcf_margin_change": 0.24108742779858305
    },
    {
      "date": "2023-12-31T00:00:00",
      "quarter_label": "2023-12 (Q4)",
      "revenue": 736800000,
      "gross_profit": 729900000,
      "operating_income": null,
      "net_income": 286500000,
      "opex": null,
      "cogs": 6900000,
      "rd": null,
      "sga": null,
      "fcf": 24500000,
      "ocf": 24500000,
      "capex": null,
      "gross_margin": 0.9906351791530945,
      "op_margin": null,
      "fcf_margin": 0.033251900108577634,
      "rev_growth_yoy": 0.6837294332723949,
      "rev_growth_yoy_accel": 0.3277795376565285,
      "fcf_margin_change": -0.39573193360966713
    },
    {
      "date": "2024-03-31T00:00:00",
      "quarter_label": "2024-03 (Q1)",
      "revenue": 647300000,
      "gross_profit": 639700000,
      "operating_income": null,
      "net_income": 236400000,
      "opex": null,
      "cogs": 7600000,
      "rd": null,
      "sga": null,
      "fcf": 36500000,
      "ocf": 36500000,
      "capex": null,
      "gross_margin": 0.9882589216746486,
      "op_margin": null,
      "fcf_margin": 0.05638807353622741,
      "rev_growth_yoy": 0.21695807482609514,
      "rev_growth_yoy_accel": -0.46677135844629974,
      "fcf_margin_change": 0.023136173427649773
    },
    {
      "date": "2024-06-30T00:00:00",
      "quarter_label": "2024-06 (Q2)",
      "revenue": 395400000,
      "gross_profit": 388400000,
      "operating_income": null,
      "net_income": -54600000,
      "opex": null,
      "cogs": 7000000,
      "rd": null,
      "sga": null,
      "fcf": 216800000,
      "ocf": 216800000,
      "capex": null,
      "gross_margin": 0.9822964087000505,
      "op_margin": null,
      "fcf_margin": 0.5483055134041477,
      "rev_growth_yoy": 0.04492600422832981,
      "rev_growth_yoy_accel": -0.17203207059776532,
      "fcf_margin_change": 0.49191743986792025
    },
    {
      "date": "2024-09-30T00:00:00",
      "quarter_label": "2024-09 (Q3)",
      "revenue": 839100000,
      "gross_profit": 831500000,
      "operating_income": null,
      "net_income": 179000000,
      "opex": null,
      "cogs": 7600000,
      "rd": null,
      "sga": null,
      "fcf": 269400000,
      "ocf": 269400000,
      "capex": null,
      "gross_margin": 0.9909426766773924,
      "op_margin": null,
      "fcf_margin": 0.32105827672506254,
      "rev_growth_yoy": 0.6148960739030023,
      "rev_growth_yoy_accel": 0.5699700696746725,
      "fcf_margin_change": -0.22724723667908514
    },
    {
      "date": "2024-12-31T00:00:00",
      "quarter_label": "2024-12 (Q4)",
      "revenue": 358000000,
      "gross_profit": 350600000,
      "operating_income": null,
      "net_income": -130400000,
      "opex": null,
      "cogs": 7400000,
      "rd": null,
      "sga": null,
      "fcf": 64100000,
      "ocf": 64100000,
      "capex": null,
      "gross_margin": 0.9793296089385475,
      "op_margin": null,
      "fcf_margin": 0.17905027932960893,
      "rev_growth_yoy": -0.5141150922909881,
      "rev_growth_yoy_accel": -1.1290111661939903,
      "fcf_margin_change": -0.1420079973954536
    },
    {
      "date": "2025-03-31T00:00:00",
      "quarter_label": "2025-03 (Q1)",
      "revenue": 577800000,
      "gross_profit": 570300000,
      "operating_income": null,
      "net_income": 33900000,
      "opex": null,
      "cogs": 7500000,
      "rd": null,
      "sga": null,
      "fcf": -40200000,
      "ocf": -40200000,
      "capex": null,
      "gross_margin": 0.9870197300103842,
      "op_margin": null,
      "fcf_margin": -0.0695742471443406,
      "rev_growth_yoy": -0.10736907152788507,
      "rev_growth_yoy_accel": 0.406746020763103,
      "fcf_margin_change": -0.24862452647394953
    },
    {
      "date": "2025-06-30T00:00:00",
      "quarter_label": "2025-06 (Q2)",
      "revenue": 689200000,
      "gross_profit": 646800000,
      "operating_income": null,
      "net_income": 122900000,
      "opex": null,
      "cogs": 42400000,
      "rd": null,
      "sga": null,
      "fcf": 177500000,
      "ocf": 177500000,
      "capex": null,
      "gross_margin": 0.938479396401625,
      "op_margin": null,
      "fcf_margin": 0.2575449796865932,
      "rev_growth_yoy": 0.7430450177035913,
      "rev_growth_yoy_accel": 0.8504140892314764,
      "fcf_margin_change": 0.32711922683093375
    },
    {
      "date": "2025-09-30T00:00:00",
      "quarter_label": "2025-09 (Q3)",
      "revenue": 864200000,
      "gross_profit": 808900000,
      "operating_income": null,
      "net_income": 113800000,
      "opex": null,
      "cogs": 55300000,
      "rd": null,
      "sga": null,
      "fcf": 359300000,
      "ocf": 359300000,
      "capex": null,
      "gross_margin": 0.936010182828049,
      "op_margin": null,
      "fcf_margin": 0.4157602406850266,
      "rev_growth_yoy": 0.029913002025980216,
      "rev_growth_yoy_accel": -0.7131320156776111,
      "fcf_margin_change": 0.15821526099843342
    }
  ],
  "signals": [
    {
      "quarter": "2025-09 (Q3)",
      "signal": "FCF MARGIN EXPANSION",
      "detail": "FCF margin: +25.8% -> +41.6% (+15.8%)",
      "severity": "MEDIUM"
    },
    {
      "quarter": "2025-09 (Q3)",
      "signal": "YoY REVENUE GROWTH DECELERATION",
      "detail": "YoY growth: +3.0% vs prior quarter YoY: +74.3% (decel: -71.3%)",
      "severity": "WARNING"
    },
    {
      "quarter": "2025-06 (Q2)",
      "signal": "FCF TURNED POSITIVE",
      "detail": "FCF margin: -7.0% -> +25.8%",
      "severity": "HIGH"
    },
    {
      "quarter": "2025-06 (Q2)",
      "signal": "YoY REVENUE GROWTH ACCELERATION",
      "detail": "YoY growth: +74.3% vs prior quarter YoY: -10.7% (accel: +85.0%)",
      "severity": "HIGH"
    },
    {
      "quarter": "2025-03 (Q1)",
      "signal": "YoY REVENUE GROWTH ACCELERATION",
      "detail": "YoY growth: -10.7% vs prior quarter YoY: -51.4% (accel: +40.7%)",
      "severity": "HIGH"
    },
    {
      "quarter": "2024-12 (Q4)",
      "signal": "YoY REVENUE GROWTH DECELERATION",
      "detail": "YoY growth: -51.4% vs prior quarter YoY: +61.5% (decel: -112.9%)",
      "severity": "WARNING"
    },
    {
      "quarter": "2024-09 (Q3)",
      "signal": "YoY REVENUE GROWTH ACCELERATION",
      "detail": "YoY growth: +61.5% vs prior quarter YoY: +4.5% (accel: +57.0%)",
      "severity": "HIGH"
    },
    {
      "quarter": "2024-06 (Q2)",
      "signal": "FCF MARGIN EXPANSION",
      "detail": "FCF margin: +5.6% -> +54.8% (+49.2%)",
      "severity": "MEDIUM"
    },
    {
      "quarter": "2024-06 (Q2)",
      "signal": "YoY REVENUE GROWTH DECELERATION",
      "detail": "YoY growth: +4.5% vs prior quarter YoY: +21.7% (decel: -17.2%)",
      "severity": "WARNING"
    },
    {
      "quarter": "2024-03 (Q1)",
      "signal": "YoY REVENUE GROWTH DECELERATION",
      "detail": "YoY growth: +21.7% vs prior quarter YoY: +68.4% (decel: -46.7%)",
      "severity": "WARNING"
    },
    {
      "quarter": "2023-12 (Q4)",
      "signal": "YoY REVENUE GROWTH ACCELERATION",
      "detail": "YoY growth: +68.4% vs prior quarter YoY: +35.6% (accel: +32.8%)",
      "severity": "HIGH"
    },
    {
      "quarter": "2023-09 (Q3)",
      "signal": "FCF MARGIN EXPANSION",
      "detail": "FCF margin: +18.8% -> +42.9% (+24.1%)",
      "severity": "MEDIUM"
    },
    {
      "quarter": "2023-09 (Q3)",
      "signal": "YoY REVENUE GROWTH DECELERATION",
      "detail": "YoY growth: +35.6% vs prior quarter YoY: +393.4% (decel: -357.8%)",
      "severity": "WARNING"
    },
    {
      "quarter": "2023-06 (Q2)",
      "signal": "YoY REVENUE GROWTH ACCELERATION",
      "detail": "YoY growth: +393.4% vs prior quarter YoY: +52.5% (accel: +340.9%)",
      "severity": "HIGH"
    },
    {
      "quarter": "2023-03 (Q1)",
      "signal": "GROSS MARGIN INFLECTION",
      "detail": "GM: +93.5% -> +93.2% -> +97.4% (reversal +4.2%)",
      "severity": "MEDIUM"
    },
    {
      "quarter": "2023-03 (Q1)",
      "signal": "YoY REVENUE GROWTH ACCELERATION",
      "detail": "YoY growth: +52.5% vs prior quarter YoY: +25.0% (accel: +27.4%)",
      "severity": "HIGH"
    },
    {
      "quarter": "2022-12 (Q4)",
      "signal": "FCF MARGIN EXPANSION",
      "detail": "FCF margin: +30.5% -> +47.6% (+17.0%)",
      "severity": "MEDIUM"
    },
    {
      "quarter": "2022-09 (Q3)",
      "signal": "GROSS MARGIN INFLECTION",
      "detail": "GM: +93.9% -> +70.8% -> +93.5% (reversal +22.7%)",
      "severity": "HIGH"
    },
    {
      "quarter": "2022-06 (Q2)",
      "signal": "FCF TURNED POSITIVE",
      "detail": "FCF margin: -11.9% -> +106.1%",
      "severity": "HIGH"
    },
    {
      "quarter": "2022-06 (Q2)",
      "signal": "YoY REVENUE GROWTH DECELERATION",
      "detail": "YoY growth: -82.0% vs prior quarter YoY: +95.8% (decel: -177.8%)",
      "severity": "WARNING"
    },
    {
      "quarter": "2022-03 (Q1)",
      "signal": "YoY REVENUE GROWTH ACCELERATION",
      "detail": "YoY growth: +95.8% vs prior quarter YoY: -32.8% (accel: +128.6%)",
      "severity": "HIGH"
    },
    {
      "quarter": "2021-12 (Q4)",
      "signal": "FCF MARGIN EXPANSION",
      "detail": "FCF margin: -317.8% -> -2.1% (+315.7%)",
      "severity": "MEDIUM"
    },
    {
      "quarter": "2021-09 (Q3)",
      "signal": "GROSS MARGIN INFLECTION",
      "detail": "GM: +97.8% -> +95.8% -> +337.6% (reversal +241.8%)",
      "severity": "HIGH"
    },
    {
      "quarter": "2021-06 (Q2)",
      "signal": "FCF TURNED POSITIVE",
      "detail": "FCF margin: -52.1% -> +25.0%",
      "severity": "HIGH"
    }
  ],
  "data_quality": {
    "n_quarters": 20,
    "coverage": {
      "revenue": [
        20,
        20
      ],
      "gross_profit": [
        20,
        20
      ],
      "op_income": [
        0,
        20
      ],
      "fcf": [
        20,
        20
      ]
    },
    "gaps": [],
    "warnings": [
      "op_income: no data"
    ]
  },
  "market_cap": null,
  "source": "SEC EDGAR",
  "last_updated": "2026-02-02T21:01:51.169370"
}