{
  "ticker": "WTRG",
  "name": "Essential Utilities, Inc.",
  "quarters": [
    {
      "date": "2020-12-31T00:00:00",
      "quarter_label": "2020-12 (Q4)",
      "revenue": 473998000,
      "gross_profit": null,
      "operating_income": 132837000,
      "net_income": 102707000,
      "opex": 341161000,
      "cogs": null,
      "rd": null,
      "sga": null,
      "fcf": 87369000,
      "ocf": 87369000,
      "capex": null,
      "gross_margin": null,
      "op_margin": 0.28024801792412624,
      "fcf_margin": 0.18432356254667742
    },
    {
      "date": "2021-03-31T00:00:00",
      "quarter_label": "2021-03 (Q1)",
      "revenue": 583565000,
      "gross_profit": null,
      "operating_income": 232352000,
      "net_income": 183689000,
      "opex": 351213000,
      "cogs": null,
      "rd": null,
      "sga": null,
      "fcf": 255481000,
      "ocf": 255481000,
      "capex": null,
      "gross_margin": null,
      "op_margin": 0.39815958804931756,
      "fcf_margin": 0.43779356198538294,
      "op_leverage_ratio": 7.845310925199688,
      "fcf_margin_change": 0.2534699994387055
    },
    {
      "date": "2021-06-30T00:00:00",
      "quarter_label": "2021-06 (Q2)",
      "revenue": 397032000,
      "gross_profit": null,
      "operating_income": 129328000,
      "net_income": 80914000,
      "opex": 267704000,
      "cogs": null,
      "rd": null,
      "sga": null,
      "fcf": 157387000,
      "ocf": 157387000,
      "capex": null,
      "gross_margin": null,
      "op_margin": 0.3257369683048218,
      "fcf_margin": 0.39640885369441253,
      "fcf_margin_change": -0.04138470829097041
    },
    {
      "date": "2021-09-30T00:00:00",
      "quarter_label": "2021-09 (Q3)",
      "revenue": 361860000,
      "gross_profit": null,
      "operating_income": 101452000,
      "net_income": 50503000,
      "opex": 260408000,
      "cogs": null,
      "rd": null,
      "sga": null,
      "fcf": 148984000,
      "ocf": 148984000,
      "capex": null,
      "gross_margin": null,
      "op_margin": 0.28036257116011715,
      "fcf_margin": 0.4117172387111037,
      "fcf_margin_change": 0.015308385016691184
    },
    {
      "date": "2021-12-31T00:00:00",
      "quarter_label": "2021-12 (Q4)",
      "revenue": 535687000,
      "gross_profit": null,
      "operating_income": 139577000,
      "net_income": 116506000,
      "opex": 396110000,
      "cogs": null,
      "rd": null,
      "sga": null,
      "fcf": 82827000,
      "ocf": 82827000,
      "capex": null,
      "gross_margin": null,
      "op_margin": 0.2605570043700893,
      "fcf_margin": 0.15461827522415142,
      "incr_op_margin_yoy": 0.10925772828218969,
      "rev_growth_yoy": 0.13014611875999477,
      "op_leverage_ratio": 0.9218170354375789,
      "fcf_margin_change": -0.25709896348695227
    },
    {
      "date": "2022-03-31T00:00:00",
      "quarter_label": "2022-03 (Q1)",
      "revenue": 699275000,
      "gross_profit": null,
      "operating_income": 227629000,
      "net_income": 199376000,
      "opex": 471646000,
      "cogs": null,
      "rd": null,
      "sga": null,
      "fcf": 310604000,
      "ocf": 310604000,
      "capex": null,
      "gross_margin": null,
      "op_margin": 0.32552143291265956,
      "fcf_margin": 0.4441800436166029,
      "incr_op_margin_yoy": -0.04081756114423991,
      "rev_growth_yoy": 0.19828125401626212,
      "rev_growth_yoy_accel": 0.06813513525626735,
      "op_leverage_ratio": 1.6014086100548857,
      "fcf_margin_change": 0.2895617683924515
    },
    {
      "date": "2022-06-30T00:00:00",
      "quarter_label": "2022-06 (Q2)",
      "revenue": 448756000,
      "gross_profit": null,
      "operating_income": 137736000,
      "net_income": 82291000,
      "opex": 311020000,
      "cogs": null,
      "rd": null,
      "sga": null,
      "fcf": 105698000,
      "ocf": 105698000,
      "capex": null,
      "gross_margin": null,
      "op_margin": 0.30692848675003787,
      "fcf_margin": 0.23553556944085427,
      "incr_op_margin_yoy": 0.16255510014693372,
      "rev_growth_yoy": 0.1302766527635052,
      "rev_growth_yoy_accel": -0.06800460125275692,
      "fcf_margin_change": -0.20864447417574863
    },
    {
      "date": "2022-09-30T00:00:00",
      "quarter_label": "2022-09 (Q3)",
      "revenue": 434618000,
      "gross_profit": null,
      "operating_income": 125861000,
      "net_income": 68638000,
      "opex": 308757000,
      "cogs": null,
      "rd": null,
      "sga": null,
      "fcf": 102857000,
      "ocf": 102857000,
      "capex": null,
      "gross_margin": null,
      "op_margin": 0.28958993875081107,
      "fcf_margin": 0.2366606997409219,
      "incr_op_margin_yoy": 0.33548200885126034,
      "rev_growth_yoy": 0.20106671088266181,
      "rev_growth_yoy_accel": 0.07079005811915662,
      "fcf_margin_change": 0.0011251303000676394
    },
    {
      "date": "2022-12-31T00:00:00",
      "quarter_label": "2022-12 (Q4)",
      "revenue": 705383000,
      "gross_profit": null,
      "operating_income": 169961000,
      "net_income": 114932000,
      "opex": 535422000,
      "cogs": null,
      "rd": null,
      "sga": null,
      "fcf": 81147000,
      "ocf": 81147000,
      "capex": null,
      "gross_margin": null,
      "op_margin": 0.240948534342336,
      "fcf_margin": 0.11503963095226281,
      "incr_op_margin_yoy": 0.17904959456911182,
      "rev_growth_yoy": 0.3167820014299395,
      "rev_growth_yoy_accel": 0.1157152905472777,
      "op_leverage_ratio": 0.8486276232948917,
      "fcf_margin_change": -0.1216210687886591
    },
    {
      "date": "2023-03-31T00:00:00",
      "quarter_label": "2023-03 (Q1)",
      "revenue": 726450000,
      "gross_profit": null,
      "operating_income": 225469000,
      "net_income": 191434000,
      "opex": 500981000,
      "cogs": null,
      "rd": null,
      "sga": null,
      "fcf": 401628000,
      "ocf": 401628000,
      "capex": null,
      "gross_margin": null,
      "op_margin": 0.3103709821735839,
      "fcf_margin": 0.5528639273177782,
      "incr_op_margin_yoy": -0.07948482060717571,
      "rev_growth_yoy": 0.038861678166672624,
      "rev_growth_yoy_accel": -0.2779203232632669,
      "op_leverage_ratio": Infinity,
      "fcf_margin_change": 0.4378242963655154
    },
    {
      "date": "2023-06-30T00:00:00",
      "quarter_label": "2023-06 (Q2)",
      "revenue": 436700000,
      "gross_profit": null,
      "operating_income": 155250000,
      "net_income": 91268000,
      "opex": 281450000,
      "cogs": null,
      "rd": null,
      "sga": null,
      "fcf": 219794000,
      "ocf": 219794000,
      "capex": null,
      "gross_margin": null,
      "op_margin": 0.35550721318983286,
      "fcf_margin": 0.503306617815434,
      "incr_op_margin_yoy": -1.4527206370272063,
      "rev_growth_yoy": -0.026865378958721445,
      "rev_growth_yoy_accel": -0.06572705712539406,
      "fcf_margin_change": -0.04955730950234427
    },
    {
      "date": "2023-09-30T00:00:00",
      "quarter_label": "2023-09 (Q3)",
      "revenue": 411255000,
      "gross_profit": null,
      "operating_income": 137405000,
      "net_income": 80076000,
      "opex": 273850000,
      "cogs": null,
      "rd": null,
      "sga": null,
      "fcf": 183147000,
      "ocf": 183147000,
      "capex": null,
      "gross_margin": null,
      "op_margin": 0.33411143937459725,
      "fcf_margin": 0.445336834810519,
      "incr_op_margin_yoy": -0.4941146256901939,
      "rev_growth_yoy": -0.05375525173830813,
      "rev_growth_yoy_accel": -0.026889872779586682,
      "fcf_margin_change": -0.057969783004914954
    },
    {
      "date": "2023-12-31T00:00:00",
      "quarter_label": "2023-12 (Q4)",
      "revenue": 479419000,
      "gross_profit": null,
      "operating_income": 173973000,
      "net_income": 135448000,
      "opex": 305446000,
      "cogs": null,
      "rd": null,
      "sga": null,
      "fcf": 129018000,
      "ocf": 129018000,
      "capex": null,
      "gross_margin": null,
      "op_margin": 0.36288298961868426,
      "fcf_margin": 0.26911323914988766,
      "incr_op_margin_yoy": -0.017755040625940414,
      "rev_growth_yoy": -0.3203422821360878,
      "rev_growth_yoy_accel": -0.26658703039777965,
      "op_leverage_ratio": 1.4365624714036571,
      "fcf_margin_change": -0.17622359566063134
    },
    {
      "date": "2024-03-31T00:00:00",
      "quarter_label": "2024-03 (Q1)",
      "revenue": 612069000,
      "gross_profit": null,
      "operating_income": 230666000,
      "net_income": 265772000,
      "opex": 381403000,
      "cogs": null,
      "rd": null,
      "sga": null,
      "fcf": 240713000,
      "ocf": 240713000,
      "capex": null,
      "gross_margin": null,
      "op_margin": 0.37686273933167663,
      "fcf_margin": 0.39327755530830677,
      "incr_op_margin_yoy": -0.04543586784518408,
      "rev_growth_yoy": -0.15745199256659095,
      "rev_growth_yoy_accel": 0.16289028956949683,
      "op_leverage_ratio": 1.112650202444561,
      "fcf_margin_change": 0.12416431615841911
    },
    {
      "date": "2024-06-30T00:00:00",
      "quarter_label": "2024-06 (Q2)",
      "revenue": 434406000,
      "gross_profit": null,
      "operating_income": 145287000,
      "net_income": 75385000,
      "opex": 289119000,
      "cogs": null,
      "rd": null,
      "sga": null,
      "fcf": 185713000,
      "ocf": 185713000,
      "capex": null,
      "gross_margin": null,
      "op_margin": 0.3344498004171213,
      "fcf_margin": 0.42751020934333317,
      "incr_op_margin_yoy": 4.3430688753269395,
      "rev_growth_yoy": -0.00525303411953286,
      "rev_growth_yoy_accel": 0.15219895844705808,
      "fcf_margin_change": 0.0342326540350264
    },
    {
      "date": "2024-09-30T00:00:00",
      "quarter_label": "2024-09 (Q3)",
      "revenue": 435255000,
      "gross_profit": null,
      "operating_income": 155089000,
      "net_income": 69402000,
      "opex": 280166000,
      "cogs": null,
      "rd": null,
      "sga": null,
      "fcf": 196084000,
      "ocf": 196084000,
      "capex": null,
      "gross_margin": null,
      "op_margin": 0.3563175609700061,
      "fcf_margin": 0.4505037276998541,
      "incr_op_margin_yoy": 0.7368333333333333,
      "rev_growth_yoy": 0.0583579530947952,
      "rev_growth_yoy_accel": 0.06361098721432806,
      "fcf_margin_change": 0.022993518356520914
    },
    {
      "date": "2024-12-31T00:00:00",
      "quarter_label": "2024-12 (Q4)",
      "revenue": 604383000,
      "gross_profit": null,
      "operating_income": 226626000,
      "net_income": 184755000,
      "opex": 377757000,
      "cogs": null,
      "rd": null,
      "sga": null,
      "fcf": 147833000,
      "ocf": 147833000,
      "capex": null,
      "gross_margin": null,
      "op_margin": 0.37497083802820397,
      "fcf_margin": 0.24460151923531934,
      "incr_op_margin_yoy": 0.4213453474600685,
      "rev_growth_yoy": 0.2606571704500656,
      "rev_growth_yoy_accel": 0.2022992173552704,
      "op_leverage_ratio": 1.1155201150543064,
      "fcf_margin_change": -0.20590220846453475
    },
    {
      "date": "2025-03-31T00:00:00",
      "quarter_label": "2025-03 (Q1)",
      "revenue": 783626000,
      "gross_profit": null,
      "operating_income": 338905000,
      "net_income": 283789000,
      "opex": 444721000,
      "cogs": null,
      "rd": null,
      "sga": null,
      "fcf": 299517000,
      "ocf": 299517000,
      "capex": null,
      "gross_margin": null,
      "op_margin": 0.4324830978043097,
      "fcf_margin": 0.3822193240142619,
      "incr_op_margin_yoy": 0.6309215013086029,
      "rev_growth_yoy": 0.2802902940681524,
      "rev_growth_yoy_accel": 0.019633123618086834,
      "op_leverage_ratio": 1.6730198626024526,
      "fcf_margin_change": 0.13761780477894256
    },
    {
      "date": "2025-06-30T00:00:00",
      "quarter_label": "2025-06 (Q2)",
      "revenue": 514907000,
      "gross_profit": null,
      "operating_income": 185271000,
      "net_income": 107827000,
      "opex": 329636000,
      "cogs": null,
      "rd": null,
      "sga": null,
      "fcf": 272317000,
      "ocf": 272317000,
      "capex": null,
      "gross_margin": null,
      "op_margin": 0.35981449077212,
      "fcf_margin": 0.5288663778119156,
      "incr_op_margin_yoy": 0.49668948211823455,
      "rev_growth_yoy": 0.18531281796291948,
      "rev_growth_yoy_accel": -0.09497747610523294,
      "fcf_margin_change": 0.1466470537976537
    },
    {
      "date": "2025-09-30T00:00:00",
      "quarter_label": "2025-09 (Q3)",
      "revenue": 476971000,
      "gross_profit": null,
      "operating_income": 169771000,
      "net_income": 92077000,
      "opex": 307200000,
      "cogs": null,
      "rd": null,
      "sga": null,
      "fcf": 232513000,
      "ocf": 232513000,
      "capex": null,
      "gross_margin": null,
      "op_margin": 0.3559356858173767,
      "fcf_margin": 0.48747827436049573,
      "incr_op_margin_yoy": 0.35195128967302713,
      "rev_growth_yoy": 0.09584266694236712,
      "rev_growth_yoy_accel": -0.08947015102055236,
      "fcf_margin_change": -0.041388103451419855
    }
  ],
  "signals": [
    {
      "quarter": "2025-09 (Q3)",
      "signal": "YoY REVENUE GROWTH DECELERATION",
      "detail": "YoY growth: +9.6% vs prior quarter YoY: +18.5% (decel: -8.9%)",
      "severity": "WARNING"
    },
    {
      "quarter": "2025-06 (Q2)",
      "signal": "FCF MARGIN EXPANSION",
      "detail": "FCF margin: +38.2% -> +52.9% (+14.7%)",
      "severity": "MEDIUM"
    },
    {
      "quarter": "2025-06 (Q2)",
      "signal": "YoY REVENUE GROWTH DECELERATION",
      "detail": "YoY growth: +18.5% vs prior quarter YoY: +28.0% (decel: -9.5%)",
      "severity": "WARNING"
    },
    {
      "quarter": "2025-06 (Q2)",
      "signal": "INCREMENTAL MARGIN (YoY)",
      "detail": "YoY Incr OPM: +49.7% vs year-ago OPM: +33.4%",
      "severity": "MEDIUM"
    },
    {
      "quarter": "2025-03 (Q1)",
      "signal": "FCF MARGIN EXPANSION",
      "detail": "FCF margin: +24.5% -> +38.2% (+13.8%)",
      "severity": "MEDIUM"
    },
    {
      "quarter": "2025-03 (Q1)",
      "signal": "OPERATING LEVERAGE",
      "detail": "Rev growth +29.7% vs OpEx growth +17.7% (leverage: 1.7x)",
      "severity": "MEDIUM"
    },
    {
      "quarter": "2025-03 (Q1)",
      "signal": "INCREMENTAL MARGIN (YoY)",
      "detail": "YoY Incr OPM: +63.1% vs year-ago OPM: +37.7%",
      "severity": "HIGH"
    },
    {
      "quarter": "2024-12 (Q4)",
      "signal": "YoY REVENUE GROWTH ACCELERATION",
      "detail": "YoY growth: +26.1% vs prior quarter YoY: +5.8% (accel: +20.2%)",
      "severity": "HIGH"
    },
    {
      "quarter": "2024-09 (Q3)",
      "signal": "YoY REVENUE GROWTH ACCELERATION",
      "detail": "YoY growth: +5.8% vs prior quarter YoY: -0.5% (accel: +6.4%)",
      "severity": "MEDIUM"
    },
    {
      "quarter": "2024-09 (Q3)",
      "signal": "INCREMENTAL MARGIN (YoY)",
      "detail": "YoY Incr OPM: +73.7% vs year-ago OPM: +33.4%",
      "severity": "HIGH"
    },
    {
      "quarter": "2024-06 (Q2)",
      "signal": "YoY REVENUE GROWTH ACCELERATION",
      "detail": "YoY growth: -0.5% vs prior quarter YoY: -15.7% (accel: +15.2%)",
      "severity": "HIGH"
    },
    {
      "quarter": "2024-06 (Q2)",
      "signal": "INCREMENTAL MARGIN (YoY)",
      "detail": "YoY Incr OPM: +434.3% vs year-ago OPM: +35.6%",
      "severity": "HIGH"
    },
    {
      "quarter": "2024-03 (Q1)",
      "signal": "FCF MARGIN EXPANSION",
      "detail": "FCF margin: +26.9% -> +39.3% (+12.4%)",
      "severity": "MEDIUM"
    },
    {
      "quarter": "2024-03 (Q1)",
      "signal": "YoY REVENUE GROWTH ACCELERATION",
      "detail": "YoY growth: -15.7% vs prior quarter YoY: -32.0% (accel: +16.3%)",
      "severity": "HIGH"
    },
    {
      "quarter": "2023-12 (Q4)",
      "signal": "YoY REVENUE GROWTH DECELERATION",
      "detail": "YoY growth: -32.0% vs prior quarter YoY: -5.4% (decel: -26.7%)",
      "severity": "WARNING"
    },
    {
      "quarter": "2023-06 (Q2)",
      "signal": "YoY REVENUE GROWTH DECELERATION",
      "detail": "YoY growth: -2.7% vs prior quarter YoY: +3.9% (decel: -6.6%)",
      "severity": "WARNING"
    },
    {
      "quarter": "2023-03 (Q1)",
      "signal": "FCF MARGIN EXPANSION",
      "detail": "FCF margin: +11.5% -> +55.3% (+43.8%)",
      "severity": "MEDIUM"
    },
    {
      "quarter": "2023-03 (Q1)",
      "signal": "YoY REVENUE GROWTH DECELERATION",
      "detail": "YoY growth: +3.9% vs prior quarter YoY: +31.7% (decel: -27.8%)",
      "severity": "WARNING"
    },
    {
      "quarter": "2022-12 (Q4)",
      "signal": "YoY REVENUE GROWTH ACCELERATION",
      "detail": "YoY growth: +31.7% vs prior quarter YoY: +20.1% (accel: +11.6%)",
      "severity": "MEDIUM"
    },
    {
      "quarter": "2022-09 (Q3)",
      "signal": "YoY REVENUE GROWTH ACCELERATION",
      "detail": "YoY growth: +20.1% vs prior quarter YoY: +13.0% (accel: +7.1%)",
      "severity": "MEDIUM"
    },
    {
      "quarter": "2022-06 (Q2)",
      "signal": "YoY REVENUE GROWTH DECELERATION",
      "detail": "YoY growth: +13.0% vs prior quarter YoY: +19.8% (decel: -6.8%)",
      "severity": "WARNING"
    },
    {
      "quarter": "2022-03 (Q1)",
      "signal": "FCF MARGIN EXPANSION",
      "detail": "FCF margin: +15.5% -> +44.4% (+29.0%)",
      "severity": "MEDIUM"
    },
    {
      "quarter": "2022-03 (Q1)",
      "signal": "OPERATING LEVERAGE",
      "detail": "Rev growth +30.5% vs OpEx growth +19.1% (leverage: 1.6x)",
      "severity": "MEDIUM"
    },
    {
      "quarter": "2022-03 (Q1)",
      "signal": "YoY REVENUE GROWTH ACCELERATION",
      "detail": "YoY growth: +19.8% vs prior quarter YoY: +13.0% (accel: +6.8%)",
      "severity": "MEDIUM"
    },
    {
      "quarter": "2021-03 (Q1)",
      "signal": "FCF MARGIN EXPANSION",
      "detail": "FCF margin: +18.4% -> +43.8% (+25.3%)",
      "severity": "MEDIUM"
    },
    {
      "quarter": "2021-03 (Q1)",
      "signal": "OPERATING LEVERAGE",
      "detail": "Rev growth +23.1% vs OpEx growth +2.9% (leverage: 7.8x)",
      "severity": "MEDIUM"
    }
  ],
  "data_quality": {
    "n_quarters": 20,
    "coverage": {
      "revenue": [
        20,
        20
      ],
      "gross_profit": [
        0,
        20
      ],
      "op_income": [
        20,
        20
      ],
      "fcf": [
        20,
        20
      ]
    },
    "gaps": [],
    "warnings": [
      "gross_profit: no data"
    ]
  },
  "market_cap": null,
  "source": "SEC EDGAR",
  "last_updated": "2026-02-02T20:35:07.002408"
}