{
  "ticker": "WTW",
  "name": "WILLIS TOWERS WATSON PLC",
  "quarters": [
    {
      "date": "2020-12-31T00:00:00",
      "quarter_label": "2020-12 (Q4)",
      "revenue": 2669000000,
      "gross_profit": null,
      "operating_income": 579000000,
      "net_income": 476000000,
      "opex": 2090000000,
      "cogs": null,
      "rd": null,
      "sga": null,
      "fcf": 568000000,
      "ocf": 568000000,
      "capex": null,
      "gross_margin": null,
      "op_margin": 0.21693518171599852,
      "fcf_margin": 0.2128137879355564
    },
    {
      "date": "2021-03-31T00:00:00",
      "quarter_label": "2021-03 (Q1)",
      "revenue": 2590000000,
      "gross_profit": null,
      "operating_income": 452000000,
      "net_income": 733000000,
      "opex": 2138000000,
      "cogs": null,
      "rd": null,
      "sga": null,
      "fcf": -128000000,
      "ocf": -128000000,
      "capex": null,
      "gross_margin": null,
      "op_margin": 0.1745173745173745,
      "fcf_margin": -0.04942084942084942,
      "fcf_margin_change": -0.2622346373564058
    },
    {
      "date": "2021-06-30T00:00:00",
      "quarter_label": "2021-06 (Q2)",
      "revenue": 2286000000,
      "gross_profit": null,
      "operating_income": 260000000,
      "net_income": 184000000,
      "opex": 2026000000,
      "cogs": null,
      "rd": null,
      "sga": null,
      "fcf": 494000000,
      "ocf": 494000000,
      "capex": null,
      "gross_margin": null,
      "op_margin": 0.1137357830271216,
      "fcf_margin": 0.21609798775153105,
      "fcf_margin_change": 0.26551883717238045
    },
    {
      "date": "2021-09-30T00:00:00",
      "quarter_label": "2021-09 (Q3)",
      "revenue": 1973000000,
      "gross_profit": null,
      "operating_income": 1131000000,
      "net_income": 903000000,
      "opex": 842000000,
      "cogs": null,
      "rd": null,
      "sga": null,
      "fcf": 1511000000,
      "ocf": 1511000000,
      "capex": null,
      "gross_margin": null,
      "op_margin": 0.5732387227572225,
      "fcf_margin": 0.7658388241256969,
      "fcf_margin_change": 0.5497408363741658
    },
    {
      "date": "2021-12-31T00:00:00",
      "quarter_label": "2021-12 (Q4)",
      "revenue": 2706000000,
      "gross_profit": null,
      "operating_income": 690000000,
      "net_income": 2402000000,
      "opex": 2016000000,
      "cogs": null,
      "rd": null,
      "sga": null,
      "fcf": 184000000,
      "ocf": 184000000,
      "capex": null,
      "gross_margin": null,
      "op_margin": 0.2549889135254989,
      "fcf_margin": 0.0679970436067997,
      "incr_op_margin_yoy": 3.0,
      "rev_growth_yoy": 0.013862869988759834,
      "op_leverage_ratio": 0.26645316543352293,
      "fcf_margin_change": -0.6978417805188972
    },
    {
      "date": "2022-03-31T00:00:00",
      "quarter_label": "2022-03 (Q1)",
      "revenue": 2160000000,
      "gross_profit": null,
      "operating_income": 179000000,
      "net_income": 122000000,
      "opex": 1981000000,
      "cogs": null,
      "rd": null,
      "sga": null,
      "fcf": 21000000,
      "ocf": 21000000,
      "capex": null,
      "gross_margin": null,
      "op_margin": 0.08287037037037037,
      "fcf_margin": 0.009722222222222222,
      "incr_op_margin_yoy": 0.6348837209302326,
      "rev_growth_yoy": -0.16602316602316602,
      "rev_growth_yoy_accel": -0.17988603601192585,
      "fcf_margin_change": -0.05827482138457748
    },
    {
      "date": "2022-06-30T00:00:00",
      "quarter_label": "2022-06 (Q2)",
      "revenue": 2031000000,
      "gross_profit": null,
      "operating_income": 137000000,
      "net_income": 109000000,
      "opex": 1894000000,
      "cogs": null,
      "rd": null,
      "sga": null,
      "fcf": 237000000,
      "ocf": 237000000,
      "capex": null,
      "gross_margin": null,
      "op_margin": 0.06745445593303791,
      "fcf_margin": 0.11669128508124077,
      "incr_op_margin_yoy": 0.4823529411764706,
      "rev_growth_yoy": -0.1115485564304462,
      "rev_growth_yoy_accel": 0.054474609592719825,
      "fcf_margin_change": 0.10696906285901855
    },
    {
      "date": "2022-09-30T00:00:00",
      "quarter_label": "2022-09 (Q3)",
      "revenue": 1953000000,
      "gross_profit": null,
      "operating_income": 154000000,
      "net_income": 190000000,
      "opex": 1799000000,
      "cogs": null,
      "rd": null,
      "sga": null,
      "fcf": 179000000,
      "ocf": 179000000,
      "capex": null,
      "gross_margin": null,
      "op_margin": 0.07885304659498207,
      "fcf_margin": 0.09165386584741424,
      "incr_op_margin_yoy": 48.85,
      "rev_growth_yoy": -0.01013684744044602,
      "rev_growth_yoy_accel": 0.10141170899000018,
      "fcf_margin_change": -0.025037419233826533
    },
    {
      "date": "2022-12-31T00:00:00",
      "quarter_label": "2022-12 (Q4)",
      "revenue": 2722000000,
      "gross_profit": null,
      "operating_income": 708000000,
      "net_income": 588000000,
      "opex": 2014000000,
      "cogs": null,
      "rd": null,
      "sga": null,
      "fcf": 375000000,
      "ocf": 375000000,
      "capex": null,
      "gross_margin": null,
      "op_margin": 0.2601028655400441,
      "fcf_margin": 0.13776634827332843,
      "incr_op_margin_yoy": 1.125,
      "rev_growth_yoy": 0.005912786400591279,
      "rev_growth_yoy_accel": 0.0160496338410373,
      "op_leverage_ratio": 3.294707010085854,
      "fcf_margin_change": 0.04611248242591419
    },
    {
      "date": "2023-03-31T00:00:00",
      "quarter_label": "2023-03 (Q1)",
      "revenue": 2244000000,
      "gross_profit": null,
      "operating_income": 285000000,
      "net_income": 203000000,
      "opex": 1959000000,
      "cogs": null,
      "rd": null,
      "sga": null,
      "fcf": 134000000,
      "ocf": 134000000,
      "capex": null,
      "gross_margin": null,
      "op_margin": 0.1270053475935829,
      "fcf_margin": 0.059714795008912656,
      "incr_op_margin_yoy": 1.2619047619047619,
      "rev_growth_yoy": 0.03888888888888889,
      "rev_growth_yoy_accel": 0.03297610248829761,
      "fcf_margin_change": -0.07805155326441576
    },
    {
      "date": "2023-06-30T00:00:00",
      "quarter_label": "2023-06 (Q2)",
      "revenue": 2159000000,
      "gross_profit": null,
      "operating_income": 142000000,
      "net_income": 94000000,
      "opex": 2017000000,
      "cogs": null,
      "rd": null,
      "sga": null,
      "fcf": 296000000,
      "ocf": 296000000,
      "capex": null,
      "gross_margin": null,
      "op_margin": 0.06577119036591014,
      "fcf_margin": 0.13710050949513664,
      "incr_op_margin_yoy": 0.0390625,
      "rev_growth_yoy": 0.06302314130969966,
      "rev_growth_yoy_accel": 0.02413425242081077,
      "fcf_margin_change": 0.07738571448622397
    },
    {
      "date": "2023-09-30T00:00:00",
      "quarter_label": "2023-09 (Q3)",
      "revenue": 2166000000,
      "gross_profit": null,
      "operating_income": 159000000,
      "net_income": 136000000,
      "opex": 2007000000,
      "cogs": null,
      "rd": null,
      "sga": null,
      "fcf": 393000000,
      "ocf": 393000000,
      "capex": null,
      "gross_margin": null,
      "op_margin": 0.07340720221606649,
      "fcf_margin": 0.1814404432132964,
      "incr_op_margin_yoy": 0.023474178403755867,
      "rev_growth_yoy": 0.10906298003072197,
      "rev_growth_yoy_accel": 0.04603983872102231,
      "fcf_margin_change": 0.04433993371815975
    },
    {
      "date": "2023-12-31T00:00:00",
      "quarter_label": "2023-12 (Q4)",
      "revenue": 2914000000,
      "gross_profit": null,
      "operating_income": 779000000,
      "net_income": 622000000,
      "opex": 2135000000,
      "cogs": null,
      "rd": null,
      "sga": null,
      "fcf": 522000000,
      "ocf": 522000000,
      "capex": null,
      "gross_margin": null,
      "op_margin": 0.26733013040494163,
      "fcf_margin": 0.17913520933424845,
      "incr_op_margin_yoy": 0.3697916666666667,
      "rev_growth_yoy": 0.07053637031594416,
      "rev_growth_yoy_accel": -0.03852660971477781,
      "op_leverage_ratio": 5.414776662049861,
      "fcf_margin_change": -0.0023052338790479354
    },
    {
      "date": "2024-03-31T00:00:00",
      "quarter_label": "2024-03 (Q1)",
      "revenue": 2341000000,
      "gross_profit": null,
      "operating_income": 280000000,
      "net_income": 190000000,
      "opex": 2061000000,
      "cogs": null,
      "rd": null,
      "sga": null,
      "fcf": 24000000,
      "ocf": 24000000,
      "capex": null,
      "gross_margin": null,
      "op_margin": 0.1196070055531824,
      "fcf_margin": 0.010252029047415635,
      "incr_op_margin_yoy": -0.05154639175257732,
      "rev_growth_yoy": 0.04322638146167558,
      "rev_growth_yoy_accel": -0.02730998885426858,
      "fcf_margin_change": -0.16888318028683283
    },
    {
      "date": "2024-06-30T00:00:00",
      "quarter_label": "2024-06 (Q2)",
      "revenue": 2265000000,
      "gross_profit": null,
      "operating_income": 212000000,
      "net_income": 141000000,
      "opex": 2053000000,
      "cogs": null,
      "rd": null,
      "sga": null,
      "fcf": 407000000,
      "ocf": 407000000,
      "capex": null,
      "gross_margin": null,
      "op_margin": 0.09359823399558499,
      "fcf_margin": 0.17969094922737308,
      "incr_op_margin_yoy": 0.660377358490566,
      "rev_growth_yoy": 0.04909680407596109,
      "rev_growth_yoy_accel": 0.0058704226142855115,
      "fcf_margin_change": 0.16943892017995746
    },
    {
      "date": "2024-09-30T00:00:00",
      "quarter_label": "2024-09 (Q3)",
      "revenue": 2289000000,
      "gross_profit": null,
      "operating_income": -766000000,
      "net_income": -1675000000,
      "opex": 3055000000,
      "cogs": null,
      "rd": null,
      "sga": null,
      "fcf": 482000000,
      "ocf": 482000000,
      "capex": null,
      "gross_margin": null,
      "op_margin": -0.3346439493228484,
      "fcf_margin": 0.2105723023154216,
      "incr_op_margin_yoy": -7.520325203252033,
      "rev_growth_yoy": 0.05678670360110803,
      "rev_growth_yoy_accel": 0.00768989952514694,
      "op_leverage_ratio": 0.02171022194022551,
      "fcf_margin_change": 0.030881353088048513
    },
    {
      "date": "2024-12-31T00:00:00",
      "quarter_label": "2024-12 (Q4)",
      "revenue": 3035000000,
      "gross_profit": null,
      "operating_income": 901000000,
      "net_income": 1246000000,
      "opex": 2134000000,
      "cogs": null,
      "rd": null,
      "sga": null,
      "fcf": 599000000,
      "ocf": 599000000,
      "capex": null,
      "gross_margin": null,
      "op_margin": 0.2968698517298188,
      "fcf_margin": 0.1973640856672158,
      "incr_op_margin_yoy": 1.0082644628099173,
      "rev_growth_yoy": 0.041523678792038436,
      "rev_growth_yoy_accel": -0.015263024809069596,
      "op_leverage_ratio": Infinity,
      "fcf_margin_change": -0.01320821664820579
    },
    {
      "date": "2025-03-31T00:00:00",
      "quarter_label": "2025-03 (Q1)",
      "revenue": 2223000000,
      "gross_profit": null,
      "operating_income": 432000000,
      "net_income": 235000000,
      "opex": 1791000000,
      "cogs": null,
      "rd": null,
      "sga": null,
      "fcf": -35000000,
      "ocf": -35000000,
      "capex": null,
      "gross_margin": null,
      "op_margin": 0.19433198380566802,
      "fcf_margin": -0.015744489428699954,
      "incr_op_margin_yoy": -1.2881355932203389,
      "rev_growth_yoy": -0.05040580948312687,
      "rev_growth_yoy_accel": -0.09192948827516531,
      "fcf_margin_change": -0.21310857509591577
    },
    {
      "date": "2025-06-30T00:00:00",
      "quarter_label": "2025-06 (Q2)",
      "revenue": 2261000000,
      "gross_profit": null,
      "operating_income": 368000000,
      "net_income": 331000000,
      "opex": 1893000000,
      "cogs": null,
      "rd": null,
      "sga": null,
      "fcf": 361000000,
      "ocf": 361000000,
      "capex": null,
      "gross_margin": null,
      "op_margin": 0.16275984077841663,
      "fcf_margin": 0.15966386554621848,
      "incr_op_margin_yoy": -39.0,
      "rev_growth_yoy": -0.0017660044150110375,
      "rev_growth_yoy_accel": 0.04863980506811583,
      "op_leverage_ratio": 0.3001508295625943,
      "fcf_margin_change": 0.17540835497491844
    },
    {
      "date": "2025-09-30T00:00:00",
      "quarter_label": "2025-09 (Q3)",
      "revenue": 2288000000,
      "gross_profit": null,
      "operating_income": 418000000,
      "net_income": 304000000,
      "opex": 1870000000,
      "cogs": null,
      "rd": null,
      "sga": null,
      "fcf": 678000000,
      "ocf": 678000000,
      "capex": null,
      "gross_margin": null,
      "op_margin": 0.18269230769230768,
      "fcf_margin": 0.29632867132867136,
      "rev_growth_yoy": -0.00043687199650502403,
      "rev_growth_yoy_accel": 0.0013291324185060135,
      "op_leverage_ratio": Infinity,
      "fcf_margin_change": 0.13666480578245288
    }
  ],
  "signals": [
    {
      "quarter": "2025-09 (Q3)",
      "signal": "FCF MARGIN EXPANSION",
      "detail": "FCF margin: +16.0% -> +29.6% (+13.7%)",
      "severity": "MEDIUM"
    },
    {
      "quarter": "2025-09 (Q3)",
      "signal": "OP MARGIN TURNED POSITIVE (YoY)",
      "detail": "Op margin: -33.5% (year-ago) -> +18.3%",
      "severity": "HIGH"
    },
    {
      "quarter": "2025-06 (Q2)",
      "signal": "FCF TURNED POSITIVE",
      "detail": "FCF margin: -1.6% -> +16.0%",
      "severity": "HIGH"
    },
    {
      "quarter": "2025-03 (Q1)",
      "signal": "YoY REVENUE GROWTH DECELERATION",
      "detail": "YoY growth: -5.0% vs prior quarter YoY: +4.2% (decel: -9.2%)",
      "severity": "WARNING"
    },
    {
      "quarter": "2024-12 (Q4)",
      "signal": "INCREMENTAL MARGIN (YoY)",
      "detail": "YoY Incr OPM: +100.8% vs year-ago OPM: +26.7%",
      "severity": "HIGH"
    },
    {
      "quarter": "2024-12 (Q4)",
      "signal": "OP MARGIN TURNED POSITIVE (QoQ)",
      "detail": "Op margin: -33.5% -> +29.7%",
      "severity": "HIGH"
    },
    {
      "quarter": "2024-06 (Q2)",
      "signal": "FCF MARGIN EXPANSION",
      "detail": "FCF margin: +1.0% -> +18.0% (+16.9%)",
      "severity": "MEDIUM"
    },
    {
      "quarter": "2024-06 (Q2)",
      "signal": "INCREMENTAL MARGIN (YoY)",
      "detail": "YoY Incr OPM: +66.0% vs year-ago OPM: +6.6%",
      "severity": "HIGH"
    },
    {
      "quarter": "2023-12 (Q4)",
      "signal": "OPERATING LEVERAGE",
      "detail": "Rev growth +34.5% vs OpEx growth +6.4% (leverage: 5.4x)",
      "severity": "MEDIUM"
    },
    {
      "quarter": "2023-12 (Q4)",
      "signal": "INCREMENTAL MARGIN (YoY)",
      "detail": "YoY Incr OPM: +37.0% vs year-ago OPM: +26.0%",
      "severity": "MEDIUM"
    },
    {
      "quarter": "2023-06 (Q2)",
      "signal": "FCF MARGIN EXPANSION",
      "detail": "FCF margin: +6.0% -> +13.7% (+7.7%)",
      "severity": "MEDIUM"
    },
    {
      "quarter": "2023-03 (Q1)",
      "signal": "INCREMENTAL MARGIN (YoY)",
      "detail": "YoY Incr OPM: +126.2% vs year-ago OPM: +8.3%",
      "severity": "HIGH"
    },
    {
      "quarter": "2022-12 (Q4)",
      "signal": "OPERATING LEVERAGE",
      "detail": "Rev growth +39.4% vs OpEx growth +12.0% (leverage: 3.3x)",
      "severity": "MEDIUM"
    },
    {
      "quarter": "2022-12 (Q4)",
      "signal": "INCREMENTAL MARGIN (YoY)",
      "detail": "YoY Incr OPM: +112.5% vs year-ago OPM: +25.5%",
      "severity": "HIGH"
    },
    {
      "quarter": "2022-09 (Q3)",
      "signal": "YoY REVENUE GROWTH ACCELERATION",
      "detail": "YoY growth: -1.0% vs prior quarter YoY: -11.2% (accel: +10.1%)",
      "severity": "MEDIUM"
    },
    {
      "quarter": "2022-09 (Q3)",
      "signal": "INCREMENTAL MARGIN (YoY)",
      "detail": "YoY Incr OPM: +4885.0% vs year-ago OPM: +57.3%",
      "severity": "HIGH"
    },
    {
      "quarter": "2022-06 (Q2)",
      "signal": "FCF MARGIN EXPANSION",
      "detail": "FCF margin: +1.0% -> +11.7% (+10.7%)",
      "severity": "MEDIUM"
    },
    {
      "quarter": "2022-06 (Q2)",
      "signal": "YoY REVENUE GROWTH ACCELERATION",
      "detail": "YoY growth: -11.2% vs prior quarter YoY: -16.6% (accel: +5.4%)",
      "severity": "MEDIUM"
    },
    {
      "quarter": "2022-06 (Q2)",
      "signal": "INCREMENTAL MARGIN (YoY)",
      "detail": "YoY Incr OPM: +48.2% vs year-ago OPM: +11.4%",
      "severity": "HIGH"
    },
    {
      "quarter": "2022-03 (Q1)",
      "signal": "YoY REVENUE GROWTH DECELERATION",
      "detail": "YoY growth: -16.6% vs prior quarter YoY: +1.4% (decel: -18.0%)",
      "severity": "WARNING"
    },
    {
      "quarter": "2022-03 (Q1)",
      "signal": "INCREMENTAL MARGIN (YoY)",
      "detail": "YoY Incr OPM: +63.5% vs year-ago OPM: +17.5%",
      "severity": "HIGH"
    },
    {
      "quarter": "2021-12 (Q4)",
      "signal": "INCREMENTAL MARGIN (YoY)",
      "detail": "YoY Incr OPM: +300.0% vs year-ago OPM: +21.7%",
      "severity": "HIGH"
    },
    {
      "quarter": "2021-09 (Q3)",
      "signal": "FCF MARGIN EXPANSION",
      "detail": "FCF margin: +21.6% -> +76.6% (+55.0%)",
      "severity": "MEDIUM"
    },
    {
      "quarter": "2021-06 (Q2)",
      "signal": "FCF TURNED POSITIVE",
      "detail": "FCF margin: -4.9% -> +21.6%",
      "severity": "HIGH"
    }
  ],
  "data_quality": {
    "n_quarters": 20,
    "coverage": {
      "revenue": [
        20,
        20
      ],
      "gross_profit": [
        0,
        20
      ],
      "op_income": [
        20,
        20
      ],
      "fcf": [
        20,
        20
      ]
    },
    "gaps": [],
    "warnings": [
      "gross_profit: no data"
    ]
  },
  "market_cap": null,
  "source": "SEC EDGAR",
  "last_updated": "2026-02-02T20:08:41.370985"
}