{
  "ticker": "WVE",
  "name": "WAVE LIFE SCIENCES LTD.",
  "quarters": [
    {
      "date": "2019-12-31T00:00:00",
      "quarter_label": "2019-12 (Q4)",
      "revenue": 2400000,
      "gross_profit": null,
      "operating_income": null,
      "net_income": null,
      "opex": null,
      "cogs": null,
      "rd": null,
      "sga": null,
      "fcf": null,
      "ocf": null,
      "capex": null,
      "gross_margin": null,
      "op_margin": null,
      "fcf_margin": null
    },
    {
      "date": "2020-03-31T00:00:00",
      "quarter_label": "2020-03 (Q1)",
      "revenue": 4161000,
      "gross_profit": null,
      "operating_income": null,
      "net_income": null,
      "opex": null,
      "cogs": null,
      "rd": null,
      "sga": null,
      "fcf": null,
      "ocf": null,
      "capex": null,
      "gross_margin": null,
      "op_margin": null,
      "fcf_margin": null
    },
    {
      "date": "2020-06-30T00:00:00",
      "quarter_label": "2020-06 (Q2)",
      "revenue": 3027000,
      "gross_profit": null,
      "operating_income": null,
      "net_income": null,
      "opex": null,
      "cogs": null,
      "rd": null,
      "sga": null,
      "fcf": null,
      "ocf": null,
      "capex": null,
      "gross_margin": null,
      "op_margin": null,
      "fcf_margin": null
    },
    {
      "date": "2020-09-30T00:00:00",
      "quarter_label": "2020-09 (Q3)",
      "revenue": 3450000,
      "gross_profit": null,
      "operating_income": null,
      "net_income": null,
      "opex": null,
      "cogs": null,
      "rd": null,
      "sga": null,
      "fcf": null,
      "ocf": null,
      "capex": null,
      "gross_margin": null,
      "op_margin": null,
      "fcf_margin": null
    },
    {
      "date": "2020-12-31T00:00:00",
      "quarter_label": "2020-12 (Q4)",
      "revenue": 9439000,
      "gross_profit": null,
      "operating_income": -30313000,
      "net_income": -28789000,
      "opex": 39752000,
      "cogs": null,
      "rd": 30033000,
      "sga": null,
      "fcf": -31972000,
      "ocf": -31415000,
      "capex": -557000,
      "gross_margin": null,
      "op_margin": -3.2114630787159655,
      "fcf_margin": -3.387223222799025,
      "rev_growth_yoy": 2.932916666666667
    },
    {
      "date": "2021-06-30T00:00:00",
      "quarter_label": "2021-06 (Q2)",
      "revenue": 2776000,
      "gross_profit": null,
      "operating_income": -39828000,
      "net_income": -38766000,
      "opex": 42604000,
      "cogs": null,
      "rd": 31635000,
      "sga": null,
      "fcf": -9740000,
      "ocf": -9401000,
      "capex": -339000,
      "gross_margin": null,
      "op_margin": -14.347262247838616,
      "fcf_margin": -3.5086455331412103,
      "rev_growth_yoy": -0.0829203832177073,
      "rev_growth_yoy_accel": -3.0158370498843743,
      "fcf_margin_change": -0.1214223103421852
    },
    {
      "date": "2021-09-30T00:00:00",
      "quarter_label": "2021-09 (Q3)",
      "revenue": 36423000,
      "gross_profit": null,
      "operating_income": -7607000,
      "net_income": -6230000,
      "opex": 44030000,
      "cogs": null,
      "rd": 31086000,
      "sga": null,
      "fcf": -28282000,
      "ocf": -28184000,
      "capex": -98000,
      "gross_margin": null,
      "op_margin": -0.20885154984487825,
      "fcf_margin": -0.7764873843450567,
      "rev_growth_yoy": 9.557391304347826,
      "rev_growth_yoy_accel": 9.640311687565534,
      "op_leverage_ratio": 362.1243568394292,
      "fcf_margin_change": 2.7321581487961537
    },
    {
      "date": "2021-12-31T00:00:00",
      "quarter_label": "2021-12 (Q4)",
      "revenue": 1765000,
      "gross_profit": null,
      "operating_income": -36110000,
      "net_income": -34785000,
      "opex": 37875000,
      "cogs": null,
      "rd": 25761000,
      "sga": null,
      "fcf": -7048000,
      "ocf": -7033000,
      "capex": -15000,
      "gross_margin": null,
      "op_margin": -20.458923512747877,
      "fcf_margin": -3.993201133144476,
      "incr_op_margin_yoy": 0.755407870732343,
      "rev_growth_yoy": -0.8130098527386376,
      "rev_growth_yoy_accel": -10.370401157086464,
      "fcf_margin_change": -3.2167137487994193
    },
    {
      "date": "2022-03-31T00:00:00",
      "quarter_label": "2022-03 (Q1)",
      "revenue": 1750000,
      "gross_profit": null,
      "operating_income": -38094000,
      "net_income": -37814000,
      "opex": 39844000,
      "cogs": null,
      "rd": 27470000,
      "sga": null,
      "fcf": -40081000,
      "ocf": -39873000,
      "capex": -208000,
      "gross_margin": null,
      "op_margin": -21.768,
      "fcf_margin": -22.90342857142857,
      "fcf_margin_change": -18.910227438284096
    },
    {
      "date": "2022-06-30T00:00:00",
      "quarter_label": "2022-06 (Q2)",
      "revenue": 375000,
      "gross_profit": null,
      "operating_income": -42164000,
      "net_income": -41296000,
      "opex": 42539000,
      "cogs": null,
      "rd": 29733000,
      "sga": null,
      "fcf": -29314000,
      "ocf": -28822000,
      "capex": -492000,
      "gross_margin": null,
      "op_margin": -112.43733333333333,
      "fcf_margin": -78.17066666666666,
      "incr_op_margin_yoy": 0.9729279466888796,
      "rev_growth_yoy": -0.8649135446685879,
      "fcf_margin_change": -55.26723809523809
    },
    {
      "date": "2022-09-30T00:00:00",
      "quarter_label": "2022-09 (Q3)",
      "revenue": 285000,
      "gross_profit": null,
      "operating_income": -38899000,
      "net_income": -39004000,
      "opex": 39184000,
      "cogs": null,
      "rd": 27575000,
      "sga": null,
      "fcf": -26103000,
      "ocf": -25646000,
      "capex": -457000,
      "gross_margin": null,
      "op_margin": -136.48771929824562,
      "fcf_margin": -91.58947368421053,
      "incr_op_margin_yoy": 0.8659029276661686,
      "rev_growth_yoy": -0.9921752738654147,
      "rev_growth_yoy_accel": -0.12726172919682677,
      "fcf_margin_change": -13.41880701754387
    },
    {
      "date": "2022-12-31T00:00:00",
      "quarter_label": "2022-12 (Q4)",
      "revenue": 1239000,
      "gross_profit": null,
      "operating_income": -43563000,
      "net_income": -43709000,
      "opex": 44802000,
      "cogs": null,
      "rd": 31078000,
      "sga": null,
      "fcf": -33644000,
      "ocf": -33440000,
      "capex": -204000,
      "gross_margin": null,
      "op_margin": -35.15980629539951,
      "fcf_margin": -27.15415657788539,
      "rev_growth_yoy": -0.2980169971671388,
      "rev_growth_yoy_accel": 0.6941582766982759,
      "op_leverage_ratio": 23.34697120158888,
      "fcf_margin_change": 64.43531710632514
    },
    {
      "date": "2023-03-31T00:00:00",
      "quarter_label": "2023-03 (Q1)",
      "revenue": 12929000,
      "gross_profit": null,
      "operating_income": -30285000,
      "net_income": -27405000,
      "opex": 43214000,
      "cogs": null,
      "rd": 30979000,
      "sga": null,
      "fcf": 85033000,
      "ocf": 85522000,
      "capex": -489000,
      "gross_margin": null,
      "op_margin": -2.3424085389434603,
      "fcf_margin": 6.5769201020960635,
      "incr_op_margin_yoy": 0.6985419089363986,
      "rev_growth_yoy": 6.388,
      "rev_growth_yoy_accel": 6.686016997167139,
      "op_leverage_ratio": Infinity,
      "fcf_margin_change": 33.731076679981456
    },
    {
      "date": "2023-06-30T00:00:00",
      "quarter_label": "2023-06 (Q2)",
      "revenue": 22106000,
      "gross_profit": null,
      "operating_income": -23473000,
      "net_income": -21104000,
      "opex": 45579000,
      "cogs": null,
      "rd": 33314000,
      "sga": null,
      "fcf": -37329000,
      "ocf": -37257000,
      "capex": -72000,
      "gross_margin": null,
      "op_margin": -1.061838414909979,
      "fcf_margin": -1.6886365692572152,
      "incr_op_margin_yoy": 0.8601076802724219,
      "rev_growth_yoy": 57.949333333333335,
      "rev_growth_yoy_accel": 51.56133333333334,
      "op_leverage_ratio": 12.969675755553546,
      "fcf_margin_change": -8.265556671353279
    },
    {
      "date": "2023-09-30T00:00:00",
      "quarter_label": "2023-09 (Q3)",
      "revenue": 49214000,
      "gross_profit": null,
      "operating_income": 4444000,
      "net_income": 7252000,
      "opex": 44770000,
      "cogs": null,
      "rd": 31642000,
      "sga": null,
      "fcf": -34655000,
      "ocf": -34457000,
      "capex": -198000,
      "gross_margin": null,
      "op_margin": 0.09029950827000446,
      "fcf_margin": -0.7041695452513512,
      "incr_op_margin_yoy": 0.8858345766314456,
      "rev_growth_yoy": 171.68070175438598,
      "rev_growth_yoy_accel": 113.73136842105265,
      "op_leverage_ratio": Infinity,
      "fcf_margin_change": 0.9844670240058639
    },
    {
      "date": "2023-12-31T00:00:00",
      "quarter_label": "2023-12 (Q4)",
      "revenue": 29056000,
      "gross_profit": null,
      "operating_income": -18682000,
      "net_income": -16256000,
      "opex": 47738000,
      "cogs": null,
      "rd": 34074000,
      "sga": null,
      "fcf": -33595000,
      "ocf": -33239000,
      "capex": -356000,
      "gross_margin": null,
      "op_margin": -0.6429653083700441,
      "fcf_margin": -1.1562155837004404,
      "incr_op_margin_yoy": 0.8944530323183665,
      "rev_growth_yoy": 22.451170298627925,
      "rev_growth_yoy_accel": -149.22953145575806,
      "fcf_margin_change": -0.4520460384490892
    },
    {
      "date": "2024-03-31T00:00:00",
      "quarter_label": "2024-03 (Q1)",
      "revenue": 12538000,
      "gross_profit": null,
      "operating_income": -34458000,
      "net_income": -31558000,
      "opex": 46996000,
      "cogs": null,
      "rd": 33447000,
      "sga": null,
      "fcf": -33849000,
      "ocf": -33432000,
      "capex": -417000,
      "gross_margin": null,
      "op_margin": -2.748285212952624,
      "fcf_margin": -2.699712872866486,
      "rev_growth_yoy": -0.03024209142238379,
      "rev_growth_yoy_accel": -22.48141239005031,
      "fcf_margin_change": -1.5434972891660457
    },
    {
      "date": "2024-06-30T00:00:00",
      "quarter_label": "2024-06 (Q2)",
      "revenue": 19692000,
      "gross_profit": null,
      "operating_income": -34997000,
      "net_income": -32923000,
      "opex": 54689000,
      "cogs": null,
      "rd": 40393000,
      "sga": null,
      "fcf": -27520000,
      "ocf": -27468000,
      "capex": -52000,
      "gross_margin": null,
      "op_margin": -1.777219175299614,
      "fcf_margin": -1.3975218362786919,
      "incr_op_margin_yoy": 4.773819386909693,
      "rev_growth_yoy": -0.10920112186736633,
      "rev_growth_yoy_accel": -0.07895903044498254,
      "op_leverage_ratio": 3.4856665037648606,
      "fcf_margin_change": 1.3021910365877942
    },
    {
      "date": "2025-03-31T00:00:00",
      "quarter_label": "2025-03 (Q1)",
      "revenue": 9175000,
      "gross_profit": null,
      "operating_income": -49804000,
      "net_income": -46878000,
      "opex": 58979000,
      "cogs": null,
      "rd": 40622000,
      "sga": null,
      "fcf": -63204000,
      "ocf": -63039000,
      "capex": -165000,
      "gross_margin": null,
      "op_margin": -5.428228882833787,
      "fcf_margin": -6.888719346049046,
      "incr_op_margin_yoy": 4.563187630092179,
      "rev_growth_yoy": -0.2682245972244377,
      "rev_growth_yoy_accel": -0.15902347535707137,
      "fcf_margin_change": -5.4911975097703545
    },
    {
      "date": "2025-06-30T00:00:00",
      "quarter_label": "2025-06 (Q2)",
      "revenue": 8699000,
      "gross_profit": null,
      "operating_income": -52759000,
      "net_income": -50469000,
      "opex": 61458000,
      "cogs": null,
      "rd": 43469000,
      "sga": null,
      "fcf": -46318000,
      "ocf": -46012000,
      "capex": -306000,
      "gross_margin": null,
      "op_margin": -6.0649499942522125,
      "fcf_margin": -5.324520059776986,
      "incr_op_margin_yoy": 1.615755480760484,
      "rev_growth_yoy": -0.5582470038594353,
      "rev_growth_yoy_accel": -0.29002240663499756,
      "fcf_margin_change": 1.5641992862720606
    }
  ],
  "signals": [
    {
      "quarter": "2025-06 (Q2)",
      "signal": "FCF MARGIN EXPANSION",
      "detail": "FCF margin: -688.9% -> -532.5% (+156.4%)",
      "severity": "MEDIUM"
    },
    {
      "quarter": "2025-06 (Q2)",
      "signal": "YoY REVENUE GROWTH DECELERATION",
      "detail": "YoY growth: -55.8% vs prior quarter YoY: -26.8% (decel: -29.0%)",
      "severity": "WARNING"
    },
    {
      "quarter": "2025-03 (Q1)",
      "signal": "YoY REVENUE GROWTH DECELERATION",
      "detail": "YoY growth: -26.8% vs prior quarter YoY: -10.9% (decel: -15.9%)",
      "severity": "WARNING"
    },
    {
      "quarter": "2024-06 (Q2)",
      "signal": "FCF MARGIN EXPANSION",
      "detail": "FCF margin: -270.0% -> -139.8% (+130.2%)",
      "severity": "MEDIUM"
    },
    {
      "quarter": "2024-06 (Q2)",
      "signal": "OPERATING LEVERAGE",
      "detail": "Rev growth +57.1% vs OpEx growth +16.4% (leverage: 3.5x)",
      "severity": "MEDIUM"
    },
    {
      "quarter": "2024-06 (Q2)",
      "signal": "YoY REVENUE GROWTH DECELERATION",
      "detail": "YoY growth: -10.9% vs prior quarter YoY: -3.0% (decel: -7.9%)",
      "severity": "WARNING"
    },
    {
      "quarter": "2024-03 (Q1)",
      "signal": "YoY REVENUE GROWTH DECELERATION",
      "detail": "YoY growth: -3.0% vs prior quarter YoY: +2245.1% (decel: -2248.1%)",
      "severity": "WARNING"
    },
    {
      "quarter": "2023-12 (Q4)",
      "signal": "YoY REVENUE GROWTH DECELERATION",
      "detail": "YoY growth: +2245.1% vs prior quarter YoY: +17168.1% (decel: -14923.0%)",
      "severity": "WARNING"
    },
    {
      "quarter": "2023-09 (Q3)",
      "signal": "FCF MARGIN EXPANSION",
      "detail": "FCF margin: -168.9% -> -70.4% (+98.4%)",
      "severity": "MEDIUM"
    },
    {
      "quarter": "2023-09 (Q3)",
      "signal": "YoY REVENUE GROWTH ACCELERATION",
      "detail": "YoY growth: +17168.1% vs prior quarter YoY: +5794.9% (accel: +11373.1%)",
      "severity": "HIGH"
    },
    {
      "quarter": "2023-09 (Q3)",
      "signal": "OP MARGIN TURNED POSITIVE (YoY)",
      "detail": "Op margin: -13648.8% (year-ago) -> +9.0%",
      "severity": "HIGH"
    },
    {
      "quarter": "2023-09 (Q3)",
      "signal": "OP MARGIN TURNED POSITIVE (QoQ)",
      "detail": "Op margin: -106.2% -> +9.0%",
      "severity": "HIGH"
    },
    {
      "quarter": "2023-06 (Q2)",
      "signal": "OPERATING LEVERAGE",
      "detail": "Rev growth +71.0% vs OpEx growth +5.5% (leverage: 13.0x)",
      "severity": "MEDIUM"
    },
    {
      "quarter": "2023-06 (Q2)",
      "signal": "YoY REVENUE GROWTH ACCELERATION",
      "detail": "YoY growth: +5794.9% vs prior quarter YoY: +638.8% (accel: +5156.1%)",
      "severity": "HIGH"
    },
    {
      "quarter": "2023-03 (Q1)",
      "signal": "FCF TURNED POSITIVE",
      "detail": "FCF margin: -2715.4% -> +657.7%",
      "severity": "HIGH"
    },
    {
      "quarter": "2023-03 (Q1)",
      "signal": "YoY REVENUE GROWTH ACCELERATION",
      "detail": "YoY growth: +638.8% vs prior quarter YoY: -29.8% (accel: +668.6%)",
      "severity": "HIGH"
    },
    {
      "quarter": "2022-12 (Q4)",
      "signal": "FCF MARGIN EXPANSION",
      "detail": "FCF margin: -9158.9% -> -2715.4% (+6443.5%)",
      "severity": "MEDIUM"
    },
    {
      "quarter": "2022-12 (Q4)",
      "signal": "OPERATING LEVERAGE",
      "detail": "Rev growth +334.7% vs OpEx growth +14.3% (leverage: 23.3x)",
      "severity": "MEDIUM"
    },
    {
      "quarter": "2022-12 (Q4)",
      "signal": "YoY REVENUE GROWTH ACCELERATION",
      "detail": "YoY growth: -29.8% vs prior quarter YoY: -99.2% (accel: +69.4%)",
      "severity": "HIGH"
    },
    {
      "quarter": "2022-09 (Q3)",
      "signal": "YoY REVENUE GROWTH DECELERATION",
      "detail": "YoY growth: -99.2% vs prior quarter YoY: -86.5% (decel: -12.7%)",
      "severity": "WARNING"
    },
    {
      "quarter": "2021-12 (Q4)",
      "signal": "YoY REVENUE GROWTH DECELERATION",
      "detail": "YoY growth: -81.3% vs prior quarter YoY: +955.7% (decel: -1037.0%)",
      "severity": "WARNING"
    },
    {
      "quarter": "2021-09 (Q3)",
      "signal": "FCF MARGIN EXPANSION",
      "detail": "FCF margin: -350.9% -> -77.6% (+273.2%)",
      "severity": "MEDIUM"
    },
    {
      "quarter": "2021-09 (Q3)",
      "signal": "OPERATING LEVERAGE",
      "detail": "Rev growth +1212.1% vs OpEx growth +3.3% (leverage: 362.1x)",
      "severity": "MEDIUM"
    },
    {
      "quarter": "2021-09 (Q3)",
      "signal": "YoY REVENUE GROWTH ACCELERATION",
      "detail": "YoY growth: +955.7% vs prior quarter YoY: -8.3% (accel: +964.0%)",
      "severity": "HIGH"
    },
    {
      "quarter": "2021-06 (Q2)",
      "signal": "YoY REVENUE GROWTH DECELERATION",
      "detail": "YoY growth: -8.3% vs prior quarter YoY: +293.3% (decel: -301.6%)",
      "severity": "WARNING"
    }
  ],
  "data_quality": {
    "n_quarters": 20,
    "coverage": {
      "revenue": [
        20,
        20
      ],
      "gross_profit": [
        0,
        20
      ],
      "op_income": [
        16,
        20
      ],
      "fcf": [
        16,
        20
      ]
    },
    "gaps": [
      [
        "2020-12 (Q4)",
        "2021-06 (Q2)",
        181
      ],
      [
        "2024-06 (Q2)",
        "2025-03 (Q1)",
        274
      ]
    ],
    "warnings": [
      "gross_profit: no data",
      "gap: 1Q missing between 2020-12 (Q4) and 2021-06 (Q2)",
      "gap: 2Q missing between 2024-06 (Q2) and 2025-03 (Q1)"
    ]
  },
  "market_cap": null,
  "source": "SEC EDGAR",
  "last_updated": "2026-02-02T21:29:30.921931"
}