{
  "ticker": "WWD",
  "name": "Woodward, Inc.",
  "quarters": [
    {
      "date": "2020-12-31T00:00:00",
      "quarter_label": "2020-12 (Q4)",
      "revenue": 537619000,
      "gross_profit": 135979000,
      "operating_income": null,
      "net_income": 41570000,
      "opex": null,
      "cogs": 401640000,
      "rd": 31996000,
      "sga": 56111000,
      "fcf": 139462000,
      "ocf": 146725000,
      "capex": -7263000,
      "gross_margin": 0.2529281889218945,
      "op_margin": null,
      "fcf_margin": 0.2594067545975868
    },
    {
      "date": "2021-03-31T00:00:00",
      "quarter_label": "2021-03 (Q1)",
      "revenue": 581321000,
      "gross_profit": 147078000,
      "operating_income": null,
      "net_income": 68313000,
      "opex": null,
      "cogs": 434243000,
      "rd": 27627000,
      "sga": 44329000,
      "fcf": 66222000,
      "ocf": 72272000,
      "capex": -6050000,
      "gross_margin": 0.2530065144730708,
      "op_margin": null,
      "fcf_margin": 0.11391640763020774,
      "fcf_margin_change": -0.14549034696737903
    },
    {
      "date": "2021-06-30T00:00:00",
      "quarter_label": "2021-06 (Q2)",
      "revenue": 556675000,
      "gross_profit": 134218000,
      "operating_income": null,
      "net_income": 48861000,
      "opex": null,
      "cogs": 422457000,
      "rd": 29765000,
      "sga": 48021000,
      "fcf": 90884000,
      "ocf": 98918000,
      "capex": -8034000,
      "gross_margin": 0.24110657026092425,
      "op_margin": null,
      "fcf_margin": 0.16326222661337406,
      "fcf_margin_change": 0.04934581898316631
    },
    {
      "date": "2021-09-30T00:00:00",
      "quarter_label": "2021-09 (Q3)",
      "revenue": 570217000,
      "gross_profit": 133783000,
      "operating_income": null,
      "net_income": 49905000,
      "opex": null,
      "cogs": 436434000,
      "rd": 27703000,
      "sga": 38405000,
      "fcf": 130412000,
      "ocf": 146754000,
      "capex": -16342000,
      "gross_margin": 0.2346176981745546,
      "op_margin": null,
      "fcf_margin": 0.22870591371355115,
      "fcf_margin_change": 0.06544368710017709
    },
    {
      "date": "2021-12-31T00:00:00",
      "quarter_label": "2021-12 (Q4)",
      "revenue": 541586000,
      "gross_profit": 122435000,
      "operating_income": null,
      "net_income": 30305000,
      "opex": null,
      "cogs": 419151000,
      "rd": 25392000,
      "sga": 62306000,
      "fcf": 26167000,
      "ocf": 39290000,
      "capex": -13123000,
      "gross_margin": 0.22606751282344817,
      "op_margin": null,
      "fcf_margin": 0.048315502985675406,
      "rev_growth_yoy": 0.00737883147731014,
      "fcf_margin_change": -0.18039041072787573
    },
    {
      "date": "2022-03-31T00:00:00",
      "quarter_label": "2022-03 (Q1)",
      "revenue": 586839000,
      "gross_profit": 133414000,
      "operating_income": null,
      "net_income": 47906000,
      "opex": null,
      "cogs": 453425000,
      "rd": 32384000,
      "sga": 44124000,
      "fcf": -209000,
      "ocf": 10818000,
      "capex": -11027000,
      "gross_margin": 0.22734344513571866,
      "op_margin": null,
      "fcf_margin": -0.00035614538229395115,
      "rev_growth_yoy": 0.009492173859193114,
      "rev_growth_yoy_accel": 0.002113342381882974,
      "fcf_margin_change": -0.048671648367969354
    },
    {
      "date": "2022-06-30T00:00:00",
      "quarter_label": "2022-06 (Q2)",
      "revenue": 614332000,
      "gross_profit": 133929000,
      "operating_income": null,
      "net_income": 39446000,
      "opex": null,
      "cogs": 480403000,
      "rd": 32224000,
      "sga": 46490000,
      "fcf": 22953000,
      "ocf": 35908000,
      "capex": -12955000,
      "gross_margin": 0.21800752687471922,
      "op_margin": null,
      "fcf_margin": 0.037362533613746314,
      "rev_growth_yoy": 0.10357389859433241,
      "rev_growth_yoy_accel": 0.0940817247351393,
      "fcf_margin_change": 0.03771867899604026
    },
    {
      "date": "2022-09-30T00:00:00",
      "quarter_label": "2022-09 (Q3)",
      "revenue": 640033000,
      "gross_profit": 135527000,
      "operating_income": null,
      "net_income": 54041000,
      "opex": null,
      "cogs": 504506000,
      "rd": 29782000,
      "sga": 50085000,
      "fcf": 91859000,
      "ocf": 107622000,
      "capex": -15763000,
      "gross_margin": 0.21175001913963812,
      "op_margin": null,
      "fcf_margin": 0.14352228713206974,
      "rev_growth_yoy": 0.12243759831783338,
      "rev_growth_yoy_accel": 0.018863699723500965,
      "fcf_margin_change": 0.10615975351832344
    },
    {
      "date": "2022-12-31T00:00:00",
      "quarter_label": "2022-12 (Q4)",
      "revenue": 618619000,
      "gross_profit": 125956000,
      "operating_income": null,
      "net_income": 29606000,
      "opex": null,
      "cogs": 492663000,
      "rd": 28634000,
      "sga": 63187000,
      "fcf": -18988000,
      "ocf": 5402000,
      "capex": -24390000,
      "gross_margin": 0.20360835991135093,
      "op_margin": null,
      "fcf_margin": -0.030694175251649237,
      "rev_growth_yoy": 0.14223595144630768,
      "rev_growth_yoy_accel": 0.019798353128474305,
      "fcf_margin_change": -0.174216462383719
    },
    {
      "date": "2023-03-31T00:00:00",
      "quarter_label": "2023-03 (Q1)",
      "revenue": 718214000,
      "gross_profit": 159065000,
      "operating_income": null,
      "net_income": 35511000,
      "opex": null,
      "cogs": 559149000,
      "rd": 37777000,
      "sga": 75578000,
      "fcf": 15092000,
      "ocf": 34748000,
      "capex": -19656000,
      "gross_margin": 0.22147298715981587,
      "op_margin": null,
      "fcf_margin": 0.02101323560944231,
      "rev_growth_yoy": 0.22386889760223844,
      "rev_growth_yoy_accel": 0.08163294615593075,
      "fcf_margin_change": 0.05170741086109155
    },
    {
      "date": "2023-06-30T00:00:00",
      "quarter_label": "2023-06 (Q2)",
      "revenue": 800663000,
      "gross_profit": 204412000,
      "operating_income": null,
      "net_income": 84599000,
      "opex": null,
      "cogs": 596251000,
      "rd": 35033000,
      "sga": 64983000,
      "fcf": 102384000,
      "ocf": 115480000,
      "capex": -13096000,
      "gross_margin": 0.2553034172929185,
      "op_margin": null,
      "fcf_margin": 0.1278740244022766,
      "rev_growth_yoy": 0.30330668107798386,
      "rev_growth_yoy_accel": 0.07943778347574543,
      "fcf_margin_change": 0.1068607887928343
    },
    {
      "date": "2023-09-30T00:00:00",
      "quarter_label": "2023-09 (Q3)",
      "revenue": 777070000,
      "gross_profit": 189560000,
      "operating_income": null,
      "net_income": 82652000,
      "opex": null,
      "cogs": 587510000,
      "rd": 32061000,
      "sga": 65944000,
      "fcf": 133555000,
      "ocf": 152913000,
      "capex": -19358000,
      "gross_margin": 0.2439419872083596,
      "op_margin": null,
      "fcf_margin": 0.17186997310409616,
      "rev_growth_yoy": 0.21410927249063721,
      "rev_growth_yoy_accel": -0.08919740858734665,
      "fcf_margin_change": 0.043995948701819554
    },
    {
      "date": "2023-12-31T00:00:00",
      "quarter_label": "2023-12 (Q4)",
      "revenue": 786730000,
      "gross_profit": 204349000,
      "operating_income": null,
      "net_income": 90044000,
      "opex": null,
      "cogs": 582381000,
      "rd": 30794000,
      "sga": 74511000,
      "fcf": 4977000,
      "ocf": 46789000,
      "capex": -41812000,
      "gross_margin": 0.2597447663111868,
      "op_margin": null,
      "fcf_margin": 0.006326185603701397,
      "rev_growth_yoy": 0.271752080036339,
      "rev_growth_yoy_accel": 0.05764280754570178,
      "fcf_margin_change": -0.16554378750039475
    },
    {
      "date": "2024-03-31T00:00:00",
      "quarter_label": "2024-03 (Q1)",
      "revenue": 835343000,
      "gross_profit": 234389000,
      "operating_income": null,
      "net_income": 97556000,
      "opex": null,
      "cogs": 600954000,
      "rd": 36465000,
      "sga": 81447000,
      "fcf": 82840000,
      "ocf": 97329000,
      "capex": -14489000,
      "gross_margin": 0.28059012884527673,
      "op_margin": null,
      "fcf_margin": 0.09916884441480925,
      "rev_growth_yoy": 0.1630837048567697,
      "rev_growth_yoy_accel": -0.10866837517956929,
      "fcf_margin_change": 0.09284265881110786
    },
    {
      "date": "2024-06-30T00:00:00",
      "quarter_label": "2024-06 (Q2)",
      "revenue": 847688000,
      "gross_profit": 229986000,
      "operating_income": null,
      "net_income": 102075000,
      "opex": null,
      "cogs": 617702000,
      "rd": 38728000,
      "sga": 73812000,
      "fcf": 137319000,
      "ocf": 153211000,
      "capex": -15892000,
      "gross_margin": 0.2713097271637678,
      "op_margin": null,
      "fcf_margin": 0.16199238399033608,
      "rev_growth_yoy": 0.058732575378155356,
      "rev_growth_yoy_accel": -0.10435112947861436,
      "fcf_margin_change": 0.06282353957552683
    },
    {
      "date": "2024-09-30T00:00:00",
      "quarter_label": "2024-09 (Q3)",
      "revenue": 854488000,
      "gross_profit": 207755000,
      "operating_income": null,
      "net_income": 83296000,
      "opex": null,
      "cogs": 646733000,
      "rd": 34689000,
      "sga": 77729000,
      "fcf": 117673000,
      "ocf": 141760000,
      "capex": -24087000,
      "gross_margin": 0.24313390006647256,
      "op_margin": null,
      "fcf_margin": 0.1377117057231933,
      "rev_growth_yoy": 0.09962809013345002,
      "rev_growth_yoy_accel": 0.04089551475529466,
      "fcf_margin_change": -0.02428067826714278
    },
    {
      "date": "2024-12-31T00:00:00",
      "quarter_label": "2024-12 (Q4)",
      "revenue": 772725000,
      "gross_profit": 189634000,
      "operating_income": null,
      "net_income": 87091000,
      "opex": null,
      "cogs": 583091000,
      "rd": 30207000,
      "sga": 69696000,
      "fcf": 942000,
      "ocf": 34516000,
      "capex": -33574000,
      "gross_margin": 0.24540942767478727,
      "op_margin": null,
      "fcf_margin": 0.0012190624090070853,
      "rev_growth_yoy": -0.01780153292743381,
      "rev_growth_yoy_accel": -0.11742962306088382,
      "fcf_margin_change": -0.1364926433141862
    },
    {
      "date": "2025-03-31T00:00:00",
      "quarter_label": "2025-03 (Q1)",
      "revenue": 883629000,
      "gross_profit": 240099000,
      "operating_income": null,
      "net_income": 108949000,
      "opex": null,
      "cogs": 643530000,
      "rd": 37230000,
      "sga": 83842000,
      "fcf": 59409000,
      "ocf": 77825000,
      "capex": -18416000,
      "gross_margin": 0.27171923963563893,
      "op_margin": null,
      "fcf_margin": 0.06723296768213809,
      "rev_growth_yoy": 0.05780380035506373,
      "rev_growth_yoy_accel": 0.07560533328249754,
      "fcf_margin_change": 0.066013905273131
    },
    {
      "date": "2025-06-30T00:00:00",
      "quarter_label": "2025-06 (Q2)",
      "revenue": 915446000,
      "gross_profit": 249159000,
      "operating_income": null,
      "net_income": 108448000,
      "opex": null,
      "cogs": 666287000,
      "rd": 41088000,
      "sga": 88703000,
      "fcf": 99088000,
      "ocf": 125635000,
      "capex": -26547000,
      "gross_margin": 0.27217225265062056,
      "op_margin": null,
      "fcf_margin": 0.10824013650177072,
      "rev_growth_yoy": 0.0799327110918168,
      "rev_growth_yoy_accel": 0.022128910736753063,
      "fcf_margin_change": 0.041007168819632636
    },
    {
      "date": "2025-09-30T00:00:00",
      "quarter_label": "2025-09 (Q3)",
      "revenue": 995264000,
      "gross_profit": 277400000,
      "operating_income": null,
      "net_income": 137623000,
      "opex": null,
      "cogs": 717864000,
      "rd": 39043000,
      "sga": 87582000,
      "fcf": 180927000,
      "ocf": 233318000,
      "capex": -52391000,
      "gross_margin": 0.27872001800527296,
      "op_margin": null,
      "fcf_margin": 0.18178794772040383,
      "rev_growth_yoy": 0.16474894907827844,
      "rev_growth_yoy_accel": 0.08481623798646165,
      "fcf_margin_change": 0.0735478112186331
    }
  ],
  "signals": [
    {
      "quarter": "2025-09 (Q3)",
      "signal": "FCF MARGIN EXPANSION",
      "detail": "FCF margin: +10.8% -> +18.2% (+7.4%)",
      "severity": "MEDIUM"
    },
    {
      "quarter": "2025-09 (Q3)",
      "signal": "YoY REVENUE GROWTH ACCELERATION",
      "detail": "YoY growth: +16.5% vs prior quarter YoY: +8.0% (accel: +8.5%)",
      "severity": "MEDIUM"
    },
    {
      "quarter": "2025-03 (Q1)",
      "signal": "FCF MARGIN EXPANSION",
      "detail": "FCF margin: +0.1% -> +6.7% (+6.6%)",
      "severity": "MEDIUM"
    },
    {
      "quarter": "2025-03 (Q1)",
      "signal": "YoY REVENUE GROWTH ACCELERATION",
      "detail": "YoY growth: +5.8% vs prior quarter YoY: -1.8% (accel: +7.6%)",
      "severity": "MEDIUM"
    },
    {
      "quarter": "2024-12 (Q4)",
      "signal": "YoY REVENUE GROWTH DECELERATION",
      "detail": "YoY growth: -1.8% vs prior quarter YoY: +10.0% (decel: -11.7%)",
      "severity": "WARNING"
    },
    {
      "quarter": "2024-06 (Q2)",
      "signal": "FCF MARGIN EXPANSION",
      "detail": "FCF margin: +9.9% -> +16.2% (+6.3%)",
      "severity": "MEDIUM"
    },
    {
      "quarter": "2024-06 (Q2)",
      "signal": "YoY REVENUE GROWTH DECELERATION",
      "detail": "YoY growth: +5.9% vs prior quarter YoY: +16.3% (decel: -10.4%)",
      "severity": "WARNING"
    },
    {
      "quarter": "2024-03 (Q1)",
      "signal": "FCF MARGIN EXPANSION",
      "detail": "FCF margin: +0.6% -> +9.9% (+9.3%)",
      "severity": "MEDIUM"
    },
    {
      "quarter": "2024-03 (Q1)",
      "signal": "YoY REVENUE GROWTH DECELERATION",
      "detail": "YoY growth: +16.3% vs prior quarter YoY: +27.2% (decel: -10.9%)",
      "severity": "WARNING"
    },
    {
      "quarter": "2023-12 (Q4)",
      "signal": "YoY REVENUE GROWTH ACCELERATION",
      "detail": "YoY growth: +27.2% vs prior quarter YoY: +21.4% (accel: +5.8%)",
      "severity": "MEDIUM"
    },
    {
      "quarter": "2023-09 (Q3)",
      "signal": "YoY REVENUE GROWTH DECELERATION",
      "detail": "YoY growth: +21.4% vs prior quarter YoY: +30.3% (decel: -8.9%)",
      "severity": "WARNING"
    },
    {
      "quarter": "2023-06 (Q2)",
      "signal": "FCF MARGIN EXPANSION",
      "detail": "FCF margin: +2.1% -> +12.8% (+10.7%)",
      "severity": "MEDIUM"
    },
    {
      "quarter": "2023-06 (Q2)",
      "signal": "YoY REVENUE GROWTH ACCELERATION",
      "detail": "YoY growth: +30.3% vs prior quarter YoY: +22.4% (accel: +7.9%)",
      "severity": "MEDIUM"
    },
    {
      "quarter": "2023-03 (Q1)",
      "signal": "FCF TURNED POSITIVE",
      "detail": "FCF margin: -3.1% -> +2.1%",
      "severity": "HIGH"
    },
    {
      "quarter": "2023-03 (Q1)",
      "signal": "YoY REVENUE GROWTH ACCELERATION",
      "detail": "YoY growth: +22.4% vs prior quarter YoY: +14.2% (accel: +8.2%)",
      "severity": "MEDIUM"
    },
    {
      "quarter": "2022-09 (Q3)",
      "signal": "FCF MARGIN EXPANSION",
      "detail": "FCF margin: +3.7% -> +14.4% (+10.6%)",
      "severity": "MEDIUM"
    },
    {
      "quarter": "2022-06 (Q2)",
      "signal": "FCF TURNED POSITIVE",
      "detail": "FCF margin: -0.0% -> +3.7%",
      "severity": "HIGH"
    },
    {
      "quarter": "2022-06 (Q2)",
      "signal": "YoY REVENUE GROWTH ACCELERATION",
      "detail": "YoY growth: +10.4% vs prior quarter YoY: +0.9% (accel: +9.4%)",
      "severity": "MEDIUM"
    },
    {
      "quarter": "2021-09 (Q3)",
      "signal": "FCF MARGIN EXPANSION",
      "detail": "FCF margin: +16.3% -> +22.9% (+6.5%)",
      "severity": "MEDIUM"
    }
  ],
  "data_quality": {
    "n_quarters": 20,
    "coverage": {
      "revenue": [
        20,
        20
      ],
      "gross_profit": [
        20,
        20
      ],
      "op_income": [
        0,
        20
      ],
      "fcf": [
        20,
        20
      ]
    },
    "gaps": [],
    "warnings": [
      "op_income: no data"
    ]
  },
  "market_cap": null,
  "source": "SEC EDGAR",
  "last_updated": "2026-02-02T20:18:51.480398"
}