{
  "ticker": "WYNN",
  "name": "WYNN RESORTS, LIMITED",
  "quarters": [
    {
      "date": "2020-12-31T00:00:00",
      "quarter_label": "2020-12 (Q4)",
      "revenue": 685995000,
      "gross_profit": null,
      "operating_income": -178611000,
      "net_income": -269502000,
      "opex": 864606000,
      "cogs": null,
      "rd": null,
      "sga": 173544000,
      "fcf": -320368000,
      "ocf": -291346000,
      "capex": -29022000,
      "gross_margin": null,
      "op_margin": -0.26036778693722257,
      "fcf_margin": -0.4670121502343312
    },
    {
      "date": "2021-03-31T00:00:00",
      "quarter_label": "2021-03 (Q1)",
      "revenue": 725783000,
      "gross_profit": null,
      "operating_income": -175732000,
      "net_income": -280978000,
      "opex": 901515000,
      "cogs": null,
      "rd": null,
      "sga": 179774000,
      "fcf": -294176000,
      "ocf": -253906000,
      "capex": -40270000,
      "gross_margin": null,
      "op_margin": -0.24212746785196126,
      "fcf_margin": -0.4053222519678747,
      "op_leverage_ratio": 1.3586798208203477,
      "fcf_margin_change": 0.06168989826645649
    },
    {
      "date": "2021-06-30T00:00:00",
      "quarter_label": "2021-06 (Q2)",
      "revenue": 990113000,
      "gross_profit": null,
      "operating_income": -29521000,
      "net_income": -131369000,
      "opex": 1019634000,
      "cogs": null,
      "rd": null,
      "sga": 197545000,
      "fcf": -42676000,
      "ocf": 27099000,
      "capex": -69775000,
      "gross_margin": null,
      "op_margin": -0.02981578870290563,
      "fcf_margin": -0.04310215096660684,
      "op_leverage_ratio": 2.7796675689542663,
      "fcf_margin_change": 0.36222010100126784
    },
    {
      "date": "2021-09-30T00:00:00",
      "quarter_label": "2021-09 (Q3)",
      "revenue": 994644000,
      "gross_profit": null,
      "operating_income": -83664000,
      "net_income": -166249000,
      "opex": 1078308000,
      "cogs": null,
      "rd": null,
      "sga": 197350000,
      "fcf": -93068000,
      "ocf": 9975000,
      "capex": -103043000,
      "gross_margin": null,
      "op_margin": -0.08411451735495312,
      "fcf_margin": -0.09356915640168743,
      "fcf_margin_change": -0.05046700543508059
    },
    {
      "date": "2021-12-31T00:00:00",
      "quarter_label": "2021-12 (Q4)",
      "revenue": 1042225000,
      "gross_profit": null,
      "operating_income": -105624000,
      "net_income": -177190000,
      "opex": 1147849000,
      "cogs": null,
      "rd": null,
      "sga": 221923000,
      "fcf": -83328000,
      "ocf": -5759000,
      "capex": -77569000,
      "gross_margin": null,
      "op_margin": -0.10134471923049246,
      "fcf_margin": -0.07995202571421718,
      "incr_op_margin_yoy": 0.20488729191814278,
      "rev_growth_yoy": 0.5192894991946005,
      "op_leverage_ratio": 0.7417674875291702,
      "fcf_margin_change": 0.013617130687470252
    },
    {
      "date": "2022-03-31T00:00:00",
      "quarter_label": "2022-03 (Q1)",
      "revenue": 953334000,
      "gross_profit": null,
      "operating_income": -94865000,
      "net_income": -183324000,
      "opex": 1048199000,
      "cogs": null,
      "rd": null,
      "sga": 196780000,
      "fcf": -213728000,
      "ocf": -117385000,
      "capex": -96343000,
      "gross_margin": null,
      "op_margin": -0.09950867167225758,
      "fcf_margin": -0.22419005301394895,
      "incr_op_margin_yoy": 0.35537967312822183,
      "rev_growth_yoy": 0.3135248414470992,
      "rev_growth_yoy_accel": -0.20576465774750136,
      "fcf_margin_change": -0.14423802729973179
    },
    {
      "date": "2022-06-30T00:00:00",
      "quarter_label": "2022-06 (Q2)",
      "revenue": 908832000,
      "gross_profit": null,
      "operating_income": -52028000,
      "net_income": -130051000,
      "opex": 960860000,
      "cogs": null,
      "rd": null,
      "sga": 200378000,
      "fcf": -129761000,
      "ocf": -40066000,
      "capex": -89695000,
      "gross_margin": null,
      "op_margin": -0.05724710397521214,
      "fcf_margin": -0.14277776310693285,
      "incr_op_margin_yoy": 0.27690358140278787,
      "rev_growth_yoy": -0.08209265003085506,
      "rev_growth_yoy_accel": -0.3956174914779542,
      "fcf_margin_change": 0.0814122899070161
    },
    {
      "date": "2022-09-30T00:00:00",
      "quarter_label": "2022-09 (Q3)",
      "revenue": 889722000,
      "gross_profit": null,
      "operating_income": -52991000,
      "net_income": -142892000,
      "opex": 942713000,
      "cogs": null,
      "rd": null,
      "sga": 201275000,
      "fcf": -82800000,
      "ocf": 4413000,
      "capex": -87213000,
      "gross_margin": null,
      "op_margin": -0.05955905327731584,
      "fcf_margin": -0.09306277691233891,
      "incr_op_margin_yoy": -0.2923409771068031,
      "rev_growth_yoy": -0.10548698830938506,
      "rev_growth_yoy_accel": -0.023394338278530005,
      "fcf_margin_change": 0.04971498619459394
    },
    {
      "date": "2022-12-31T00:00:00",
      "quarter_label": "2022-12 (Q4)",
      "revenue": 1004937000,
      "gross_profit": null,
      "operating_income": 99208000,
      "net_income": 32411000,
      "opex": 905729000,
      "cogs": null,
      "rd": null,
      "sga": 232017000,
      "fcf": 54890000,
      "ocf": 81766000,
      "capex": -26876000,
      "gross_margin": null,
      "op_margin": 0.09872061631724177,
      "fcf_margin": 0.05462033938445893,
      "incr_op_margin_yoy": -5.493241793606522,
      "rev_growth_yoy": -0.03577730336539615,
      "rev_growth_yoy_accel": 0.06970968494398891,
      "op_leverage_ratio": Infinity,
      "fcf_margin_change": 0.14768311629679784
    },
    {
      "date": "2023-03-31T00:00:00",
      "quarter_label": "2023-03 (Q1)",
      "revenue": 1423679000,
      "gross_profit": null,
      "operating_income": 169515000,
      "net_income": 12332000,
      "opex": 1254164000,
      "cogs": null,
      "rd": null,
      "sga": 259772000,
      "fcf": 45025000,
      "ocf": 169491000,
      "capex": -124466000,
      "gross_margin": null,
      "op_margin": 0.11906827311493673,
      "fcf_margin": 0.03162580890776643,
      "incr_op_margin_yoy": 0.5620980344215416,
      "rev_growth_yoy": 0.4933685361059188,
      "rev_growth_yoy_accel": 0.529145839471315,
      "op_leverage_ratio": 1.0831389834031757,
      "fcf_margin_change": -0.022994530476692497
    },
    {
      "date": "2023-06-30T00:00:00",
      "quarter_label": "2023-06 (Q2)",
      "revenue": 1595822000,
      "gross_profit": null,
      "operating_income": 250336000,
      "net_income": 105184000,
      "opex": 1345486000,
      "cogs": null,
      "rd": null,
      "sga": 257321000,
      "fcf": 270415000,
      "ocf": 361248000,
      "capex": -90833000,
      "gross_margin": null,
      "op_margin": 0.1568696258103974,
      "fcf_margin": 0.16945185615939623,
      "incr_op_margin_yoy": 0.4401286772733228,
      "rev_growth_yoy": 0.7559042815393824,
      "rev_growth_yoy_accel": 0.2625357454334636,
      "op_leverage_ratio": 1.6605662410062794,
      "fcf_margin_change": 0.1378260472516298
    },
    {
      "date": "2023-09-30T00:00:00",
      "quarter_label": "2023-09 (Q3)",
      "revenue": 1671936000,
      "gross_profit": null,
      "operating_income": 62595000,
      "net_income": -116678000,
      "opex": 1609341000,
      "cogs": null,
      "rd": null,
      "sga": 268445000,
      "fcf": 161682000,
      "ocf": 275811000,
      "capex": -114129000,
      "gross_margin": null,
      "op_margin": 0.03743863401469913,
      "fcf_margin": 0.09670346233348645,
      "incr_op_margin_yoy": 0.14776774642233456,
      "rev_growth_yoy": 0.8791667509626603,
      "rev_growth_yoy_accel": 0.1232624694232779,
      "op_leverage_ratio": 0.24321701427324635,
      "fcf_margin_change": -0.07274839382590978
    },
    {
      "date": "2023-12-31T00:00:00",
      "quarter_label": "2023-12 (Q4)",
      "revenue": 1840460000,
      "gross_profit": null,
      "operating_income": 357725000,
      "net_income": 729156000,
      "opex": 1482735000,
      "cogs": null,
      "rd": null,
      "sga": 279484000,
      "fcf": 327964000,
      "ocf": 441329000,
      "capex": -113365000,
      "gross_margin": null,
      "op_margin": 0.1943671690772959,
      "fcf_margin": 0.17819675515903632,
      "incr_op_margin_yoy": 0.30940740111283593,
      "rev_growth_yoy": 0.8314182879125757,
      "rev_growth_yoy_accel": -0.04774846305008462,
      "op_leverage_ratio": Infinity,
      "fcf_margin_change": 0.08149329282554987
    },
    {
      "date": "2024-03-31T00:00:00",
      "quarter_label": "2024-03 (Q1)",
      "revenue": 1862909000,
      "gross_profit": null,
      "operating_income": 362941000,
      "net_income": 144216000,
      "opex": 1499968000,
      "cogs": null,
      "rd": null,
      "sga": 271616000,
      "fcf": 217392000,
      "ocf": 315094000,
      "capex": -97702000,
      "gross_margin": null,
      "op_margin": 0.19482486798872087,
      "fcf_margin": 0.11669491102356583,
      "incr_op_margin_yoy": 0.44037520205814723,
      "rev_growth_yoy": 0.30851758015676284,
      "rev_growth_yoy_accel": -0.5229007077558128,
      "op_leverage_ratio": 1.0494778286649906,
      "fcf_margin_change": -0.061501844135470496
    },
    {
      "date": "2024-06-30T00:00:00",
      "quarter_label": "2024-06 (Q2)",
      "revenue": 1732932000,
      "gross_profit": null,
      "operating_income": 269658000,
      "net_income": 111943000,
      "opex": 1463274000,
      "cogs": null,
      "rd": null,
      "sga": 264727000,
      "fcf": 259125000,
      "ocf": 352760000,
      "capex": -93635000,
      "gross_margin": null,
      "op_margin": 0.15560795230280242,
      "fcf_margin": 0.1495298142108288,
      "incr_op_margin_yoy": 0.1409233462183648,
      "rev_growth_yoy": 0.08591810364815124,
      "rev_growth_yoy_accel": -0.22259947650861162,
      "fcf_margin_change": 0.03283490318726298
    },
    {
      "date": "2024-09-30T00:00:00",
      "quarter_label": "2024-09 (Q3)",
      "revenue": 1693323000,
      "gross_profit": null,
      "operating_income": 133237000,
      "net_income": -32053000,
      "opex": 1560086000,
      "cogs": null,
      "rd": null,
      "sga": 271829000,
      "fcf": 177968000,
      "ocf": 279321000,
      "capex": -101353000,
      "gross_margin": null,
      "op_margin": 0.07868374787326458,
      "fcf_margin": 0.1050998539558017,
      "incr_op_margin_yoy": 3.3030345537008463,
      "rev_growth_yoy": 0.012791757579237483,
      "rev_growth_yoy_accel": -0.07312634606891376,
      "fcf_margin_change": -0.044429960255027115
    },
    {
      "date": "2024-12-31T00:00:00",
      "quarter_label": "2024-12 (Q4)",
      "revenue": 1838797000,
      "gross_profit": null,
      "operating_income": 366895000,
      "net_income": 276972000,
      "opex": 1471902000,
      "cogs": null,
      "rd": null,
      "sga": 272303000,
      "fcf": 351789000,
      "ocf": 479028000,
      "capex": -127239000,
      "gross_margin": null,
      "op_margin": 0.19952991004444753,
      "fcf_margin": 0.19131475633253697,
      "incr_op_margin_yoy": -5.514131088394468,
      "rev_growth_yoy": -0.0009035784532127838,
      "rev_growth_yoy_accel": -0.013695336032450267,
      "op_leverage_ratio": Infinity,
      "fcf_margin_change": 0.08621490237673528
    },
    {
      "date": "2025-03-31T00:00:00",
      "quarter_label": "2025-03 (Q1)",
      "revenue": 1700397000,
      "gross_profit": null,
      "operating_income": 268589000,
      "net_income": 72747000,
      "opex": 1431808000,
      "cogs": null,
      "rd": null,
      "sga": 275689000,
      "fcf": -26157000,
      "ocf": 133774000,
      "capex": -159931000,
      "gross_margin": null,
      "op_margin": 0.15795664189009978,
      "fcf_margin": -0.015382878233730123,
      "incr_op_margin_yoy": 0.5805848183518756,
      "rev_growth_yoy": -0.0872356083952571,
      "rev_growth_yoy_accel": -0.08633202994204431,
      "fcf_margin_change": -0.2066976345662671
    },
    {
      "date": "2025-06-30T00:00:00",
      "quarter_label": "2025-06 (Q2)",
      "revenue": 1737797000,
      "gross_profit": null,
      "operating_income": 264600000,
      "net_income": 66218000,
      "opex": 1473197000,
      "cogs": null,
      "rd": null,
      "sga": 280815000,
      "fcf": 239796000,
      "ocf": 405062000,
      "capex": -165266000,
      "gross_margin": null,
      "op_margin": 0.15226174288481337,
      "fcf_margin": 0.1379884992320737,
      "incr_op_margin_yoy": -1.0396711202466598,
      "rev_growth_yoy": 0.0028073807858588797,
      "rev_growth_yoy_accel": 0.09004298918111597,
      "op_leverage_ratio": 0.7608886804056697,
      "fcf_margin_change": 0.15337137746580384
    },
    {
      "date": "2025-09-30T00:00:00",
      "quarter_label": "2025-09 (Q3)",
      "revenue": 1833747000,
      "gross_profit": null,
      "operating_income": 310489000,
      "net_income": 88341000,
      "opex": 1523258000,
      "cogs": null,
      "rd": null,
      "sga": 275035000,
      "fcf": 171813000,
      "ocf": 335801000,
      "capex": -163988000,
      "gross_margin": null,
      "op_margin": 0.16931943174276495,
      "fcf_margin": 0.09369504080988271,
      "incr_op_margin_yoy": 1.2622628610493933,
      "rev_growth_yoy": 0.08292806511220836,
      "rev_growth_yoy_accel": 0.08012068432634949,
      "op_leverage_ratio": 1.624827425944391,
      "fcf_margin_change": -0.044293458422191
    }
  ],
  "signals": [
    {
      "quarter": "2025-09 (Q3)",
      "signal": "OPERATING LEVERAGE",
      "detail": "Rev growth +5.5% vs OpEx growth +3.4% (leverage: 1.6x)",
      "severity": "MEDIUM"
    },
    {
      "quarter": "2025-09 (Q3)",
      "signal": "YoY REVENUE GROWTH ACCELERATION",
      "detail": "YoY growth: +8.3% vs prior quarter YoY: +0.3% (accel: +8.0%)",
      "severity": "MEDIUM"
    },
    {
      "quarter": "2025-09 (Q3)",
      "signal": "INCREMENTAL MARGIN (YoY)",
      "detail": "YoY Incr OPM: +126.2% vs year-ago OPM: +7.9%",
      "severity": "HIGH"
    },
    {
      "quarter": "2025-06 (Q2)",
      "signal": "FCF TURNED POSITIVE",
      "detail": "FCF margin: -1.5% -> +13.8%",
      "severity": "HIGH"
    },
    {
      "quarter": "2025-06 (Q2)",
      "signal": "YoY REVENUE GROWTH ACCELERATION",
      "detail": "YoY growth: +0.3% vs prior quarter YoY: -8.7% (accel: +9.0%)",
      "severity": "MEDIUM"
    },
    {
      "quarter": "2025-03 (Q1)",
      "signal": "YoY REVENUE GROWTH DECELERATION",
      "detail": "YoY growth: -8.7% vs prior quarter YoY: -0.1% (decel: -8.6%)",
      "severity": "WARNING"
    },
    {
      "quarter": "2025-03 (Q1)",
      "signal": "INCREMENTAL MARGIN (YoY)",
      "detail": "YoY Incr OPM: +58.1% vs year-ago OPM: +19.5%",
      "severity": "HIGH"
    },
    {
      "quarter": "2024-12 (Q4)",
      "signal": "FCF MARGIN EXPANSION",
      "detail": "FCF margin: +10.5% -> +19.1% (+8.6%)",
      "severity": "MEDIUM"
    },
    {
      "quarter": "2024-09 (Q3)",
      "signal": "YoY REVENUE GROWTH DECELERATION",
      "detail": "YoY growth: +1.3% vs prior quarter YoY: +8.6% (decel: -7.3%)",
      "severity": "WARNING"
    },
    {
      "quarter": "2024-09 (Q3)",
      "signal": "INCREMENTAL MARGIN (YoY)",
      "detail": "YoY Incr OPM: +330.3% vs year-ago OPM: +3.7%",
      "severity": "HIGH"
    },
    {
      "quarter": "2024-06 (Q2)",
      "signal": "YoY REVENUE GROWTH DECELERATION",
      "detail": "YoY growth: +8.6% vs prior quarter YoY: +30.9% (decel: -22.3%)",
      "severity": "WARNING"
    },
    {
      "quarter": "2024-03 (Q1)",
      "signal": "YoY REVENUE GROWTH DECELERATION",
      "detail": "YoY growth: +30.9% vs prior quarter YoY: +83.1% (decel: -52.3%)",
      "severity": "WARNING"
    },
    {
      "quarter": "2024-03 (Q1)",
      "signal": "INCREMENTAL MARGIN (YoY)",
      "detail": "YoY Incr OPM: +44.0% vs year-ago OPM: +11.9%",
      "severity": "HIGH"
    },
    {
      "quarter": "2023-12 (Q4)",
      "signal": "FCF MARGIN EXPANSION",
      "detail": "FCF margin: +9.7% -> +17.8% (+8.1%)",
      "severity": "MEDIUM"
    },
    {
      "quarter": "2023-12 (Q4)",
      "signal": "INCREMENTAL MARGIN (YoY)",
      "detail": "YoY Incr OPM: +30.9% vs year-ago OPM: +9.9%",
      "severity": "HIGH"
    },
    {
      "quarter": "2023-09 (Q3)",
      "signal": "YoY REVENUE GROWTH ACCELERATION",
      "detail": "YoY growth: +87.9% vs prior quarter YoY: +75.6% (accel: +12.3%)",
      "severity": "MEDIUM"
    },
    {
      "quarter": "2023-09 (Q3)",
      "signal": "OP MARGIN TURNED POSITIVE (YoY)",
      "detail": "Op margin: -6.0% (year-ago) -> +3.7%",
      "severity": "HIGH"
    },
    {
      "quarter": "2023-06 (Q2)",
      "signal": "FCF MARGIN EXPANSION",
      "detail": "FCF margin: +3.2% -> +16.9% (+13.8%)",
      "severity": "MEDIUM"
    },
    {
      "quarter": "2023-06 (Q2)",
      "signal": "OPERATING LEVERAGE",
      "detail": "Rev growth +12.1% vs OpEx growth +7.3% (leverage: 1.7x)",
      "severity": "MEDIUM"
    },
    {
      "quarter": "2023-06 (Q2)",
      "signal": "YoY REVENUE GROWTH ACCELERATION",
      "detail": "YoY growth: +75.6% vs prior quarter YoY: +49.3% (accel: +26.3%)",
      "severity": "HIGH"
    },
    {
      "quarter": "2023-06 (Q2)",
      "signal": "OP MARGIN TURNED POSITIVE (YoY)",
      "detail": "Op margin: -5.7% (year-ago) -> +15.7%",
      "severity": "HIGH"
    },
    {
      "quarter": "2023-03 (Q1)",
      "signal": "YoY REVENUE GROWTH ACCELERATION",
      "detail": "YoY growth: +49.3% vs prior quarter YoY: -3.6% (accel: +52.9%)",
      "severity": "HIGH"
    },
    {
      "quarter": "2023-03 (Q1)",
      "signal": "OP MARGIN TURNED POSITIVE (YoY)",
      "detail": "Op margin: -10.0% (year-ago) -> +11.9%",
      "severity": "HIGH"
    },
    {
      "quarter": "2022-12 (Q4)",
      "signal": "FCF TURNED POSITIVE",
      "detail": "FCF margin: -9.3% -> +5.5%",
      "severity": "HIGH"
    },
    {
      "quarter": "2022-12 (Q4)",
      "signal": "YoY REVENUE GROWTH ACCELERATION",
      "detail": "YoY growth: -3.6% vs prior quarter YoY: -10.5% (accel: +7.0%)",
      "severity": "MEDIUM"
    },
    {
      "quarter": "2022-12 (Q4)",
      "signal": "OP MARGIN TURNED POSITIVE (YoY)",
      "detail": "Op margin: -10.1% (year-ago) -> +9.9%",
      "severity": "HIGH"
    },
    {
      "quarter": "2022-12 (Q4)",
      "signal": "OP MARGIN TURNED POSITIVE (QoQ)",
      "detail": "Op margin: -6.0% -> +9.9%",
      "severity": "HIGH"
    },
    {
      "quarter": "2022-06 (Q2)",
      "signal": "FCF MARGIN EXPANSION",
      "detail": "FCF margin: -22.4% -> -14.3% (+8.1%)",
      "severity": "MEDIUM"
    },
    {
      "quarter": "2022-06 (Q2)",
      "signal": "YoY REVENUE GROWTH DECELERATION",
      "detail": "YoY growth: -8.2% vs prior quarter YoY: +31.4% (decel: -39.6%)",
      "severity": "WARNING"
    },
    {
      "quarter": "2022-03 (Q1)",
      "signal": "YoY REVENUE GROWTH DECELERATION",
      "detail": "YoY growth: +31.4% vs prior quarter YoY: +51.9% (decel: -20.6%)",
      "severity": "WARNING"
    },
    {
      "quarter": "2021-06 (Q2)",
      "signal": "FCF MARGIN EXPANSION",
      "detail": "FCF margin: -40.5% -> -4.3% (+36.2%)",
      "severity": "MEDIUM"
    },
    {
      "quarter": "2021-06 (Q2)",
      "signal": "OPERATING LEVERAGE",
      "detail": "Rev growth +36.4% vs OpEx growth +13.1% (leverage: 2.8x)",
      "severity": "MEDIUM"
    },
    {
      "quarter": "2021-03 (Q1)",
      "signal": "FCF MARGIN EXPANSION",
      "detail": "FCF margin: -46.7% -> -40.5% (+6.2%)",
      "severity": "MEDIUM"
    }
  ],
  "data_quality": {
    "n_quarters": 20,
    "coverage": {
      "revenue": [
        20,
        20
      ],
      "gross_profit": [
        0,
        20
      ],
      "op_income": [
        20,
        20
      ],
      "fcf": [
        20,
        20
      ]
    },
    "gaps": [],
    "warnings": [
      "gross_profit: no data"
    ]
  },
  "market_cap": null,
  "source": "SEC EDGAR",
  "last_updated": "2026-02-02T20:33:35.258172"
}