{
  "ticker": "WYY",
  "name": "WidePoint Corporation",
  "quarters": [
    {
      "date": "2020-12-31T00:00:00",
      "quarter_label": "2020-12 (Q4)",
      "revenue": 28387308,
      "gross_profit": 4813940,
      "operating_income": 715684,
      "net_income": 8284206,
      "opex": 4098256,
      "cogs": 23573368,
      "rd": null,
      "sga": null,
      "fcf": 361889,
      "ocf": 390454,
      "capex": -28565,
      "gross_margin": 0.16958071543804012,
      "op_margin": 0.025211407858751523,
      "fcf_margin": 0.012748267641299415
    },
    {
      "date": "2021-03-31T00:00:00",
      "quarter_label": "2021-03 (Q1)",
      "revenue": 20650843,
      "gross_profit": 4715879,
      "operating_income": 675027,
      "net_income": 585424,
      "opex": 4040852,
      "cogs": 15934964,
      "rd": null,
      "sga": null,
      "fcf": 883652,
      "ocf": 954944,
      "capex": -71292,
      "gross_margin": 0.22836254190688487,
      "op_margin": 0.03268762442288676,
      "fcf_margin": 0.04279011757534547,
      "fcf_margin_change": 0.03004184993404605
    },
    {
      "date": "2021-06-30T00:00:00",
      "quarter_label": "2021-06 (Q2)",
      "revenue": 19983420,
      "gross_profit": 3992261,
      "operating_income": -62711,
      "net_income": -204731,
      "opex": 4054972,
      "cogs": 15991159,
      "rd": null,
      "sga": null,
      "fcf": -1385309,
      "ocf": -1366299,
      "capex": -19010,
      "gross_margin": 0.19977866651454054,
      "op_margin": -0.003138151527616394,
      "fcf_margin": -0.06932291869960197,
      "fcf_margin_change": -0.11211303627494744
    },
    {
      "date": "2021-09-30T00:00:00",
      "quarter_label": "2021-09 (Q3)",
      "revenue": 22251282,
      "gross_profit": 3663014,
      "operating_income": 809018,
      "net_income": 534884,
      "opex": 2853996,
      "cogs": 18588268,
      "rd": null,
      "sga": null,
      "fcf": 3798703,
      "ocf": 3871432,
      "capex": -72729,
      "gross_margin": 0.1646203576045641,
      "op_margin": 0.036358264660885604,
      "fcf_margin": 0.1707183882708421,
      "op_leverage_ratio": Infinity,
      "fcf_margin_change": 0.24004130697044407
    },
    {
      "date": "2021-12-31T00:00:00",
      "quarter_label": "2021-12 (Q4)",
      "revenue": 24452552,
      "gross_profit": 3996552,
      "operating_income": -813721,
      "net_income": -574481,
      "opex": 4810273,
      "cogs": 20456000,
      "rd": null,
      "sga": null,
      "fcf": -4777884,
      "ocf": -4682739,
      "capex": -95145,
      "gross_margin": 0.1634411001354787,
      "op_margin": -0.03327754910816671,
      "fcf_margin": -0.1953940840203509,
      "incr_op_margin_yoy": 0.3886911920332544,
      "rev_growth_yoy": -0.1386096913451603,
      "op_leverage_ratio": 0.14432490763533545,
      "fcf_margin_change": -0.36611247229119304
    },
    {
      "date": "2022-03-31T00:00:00",
      "quarter_label": "2022-03 (Q1)",
      "revenue": 22436427,
      "gross_profit": 3896725,
      "operating_income": -688034,
      "net_income": -392897,
      "opex": 4584759,
      "cogs": 18539702,
      "rd": null,
      "sga": null,
      "fcf": 2622153,
      "ocf": 2825427,
      "capex": -203274,
      "gross_margin": 0.1736785005919169,
      "op_margin": -0.030665934464520577,
      "fcf_margin": 0.11687034660197901,
      "incr_op_margin_yoy": -0.7633698554646547,
      "rev_growth_yoy": 0.08646542903841746,
      "rev_growth_yoy_accel": 0.22507512038357774,
      "fcf_margin_change": 0.3122644306223299
    },
    {
      "date": "2022-06-30T00:00:00",
      "quarter_label": "2022-06 (Q2)",
      "revenue": 23057354,
      "gross_profit": 3319644,
      "operating_income": -17611383,
      "net_income": -13759209,
      "opex": 20931027,
      "cogs": 19737710,
      "rd": null,
      "sga": null,
      "fcf": 1343595,
      "ocf": 1354417,
      "capex": -10822,
      "gross_margin": 0.14397332842268024,
      "op_margin": -0.7638076337813957,
      "fcf_margin": 0.05827186415232208,
      "incr_op_margin_yoy": -5.7088642762011155,
      "rev_growth_yoy": 0.15382422027861098,
      "rev_growth_yoy_accel": 0.06735879124019352,
      "op_leverage_ratio": 0.007762198504654918,
      "fcf_margin_change": -0.05859848244965693
    },
    {
      "date": "2022-09-30T00:00:00",
      "quarter_label": "2022-09 (Q3)",
      "revenue": 25271572,
      "gross_profit": 3799452,
      "operating_income": -595622,
      "net_income": -540883,
      "opex": 4395074,
      "cogs": 21472120,
      "rd": null,
      "sga": null,
      "fcf": -987634,
      "ocf": -962497,
      "capex": -25137,
      "gross_margin": 0.15034490137772197,
      "op_margin": -0.023568854363313844,
      "fcf_margin": -0.03908082963734903,
      "incr_op_margin_yoy": -0.4650679239410785,
      "rev_growth_yoy": 0.13573554997864842,
      "rev_growth_yoy_accel": -0.018088670299962556,
      "op_leverage_ratio": Infinity,
      "fcf_margin_change": -0.09735269378967111
    },
    {
      "date": "2022-12-31T00:00:00",
      "quarter_label": "2022-12 (Q4)",
      "revenue": 23338012,
      "gross_profit": 3559651,
      "operating_income": -738666,
      "net_income": -8892302,
      "opex": 4298317,
      "cogs": 19778361,
      "rd": null,
      "sga": null,
      "fcf": 2845160,
      "ocf": 2850880,
      "capex": -5720,
      "gross_margin": 0.15252588780912443,
      "op_margin": -0.03165076785460561,
      "fcf_margin": 0.12191098367761573,
      "incr_op_margin_yoy": -0.06734168356451989,
      "rev_growth_yoy": -0.04557970063819924,
      "rev_growth_yoy_accel": -0.18131525061684767,
      "fcf_margin_change": 0.16099181331496476
    },
    {
      "date": "2023-03-31T00:00:00",
      "quarter_label": "2023-03 (Q1)",
      "revenue": 25273681,
      "gross_profit": 3809940,
      "operating_income": -888401,
      "net_income": -951479,
      "opex": 4698341,
      "cogs": 21463741,
      "rd": null,
      "sga": null,
      "fcf": -2585769,
      "ocf": -2489048,
      "capex": -96721,
      "gross_margin": 0.15074733276881985,
      "op_margin": -0.03515123103753664,
      "fcf_margin": -0.10231073977708273,
      "incr_op_margin_yoy": -0.07062004318259839,
      "rev_growth_yoy": 0.1264574791699231,
      "rev_growth_yoy_accel": 0.17203717980812233,
      "op_leverage_ratio": 0.891209134681811,
      "fcf_margin_change": -0.22422172345469846
    },
    {
      "date": "2023-06-30T00:00:00",
      "quarter_label": "2023-06 (Q2)",
      "revenue": 26762857,
      "gross_profit": 3909637,
      "operating_income": -726732,
      "net_income": -842073,
      "opex": 4636369,
      "cogs": 22853220,
      "rd": null,
      "sga": null,
      "fcf": 3503730,
      "ocf": 3510023,
      "capex": -6293,
      "gross_margin": 0.14608444083529648,
      "op_margin": -0.02715449998481104,
      "fcf_margin": 0.1309176370818706,
      "incr_op_margin_yoy": 4.55664210769766,
      "rev_growth_yoy": 0.1607080760437646,
      "rev_growth_yoy_accel": 0.03425059687384152,
      "op_leverage_ratio": Infinity,
      "fcf_margin_change": 0.2332283768589533
    },
    {
      "date": "2023-09-30T00:00:00",
      "quarter_label": "2023-09 (Q3)",
      "revenue": 25733657,
      "gross_profit": 3894821,
      "operating_income": -832729,
      "net_income": -921114,
      "opex": 4727550,
      "cogs": 21838836,
      "rd": null,
      "sga": null,
      "fcf": 751005,
      "ocf": 814201,
      "capex": -63196,
      "gross_margin": 0.15135124401479355,
      "op_margin": -0.03235952822406858,
      "fcf_margin": 0.029183765059120823,
      "rev_growth_yoy": 0.01828477468675079,
      "rev_growth_yoy_accel": -0.1424233013570138,
      "fcf_margin_change": -0.10173387202274978
    },
    {
      "date": "2023-12-31T00:00:00",
      "quarter_label": "2023-12 (Q4)",
      "revenue": 28256165,
      "gross_profit": 4031129,
      "operating_income": -1253924,
      "net_income": -1331807,
      "opex": 5285053,
      "cogs": 24225036,
      "rd": null,
      "sga": null,
      "fcf": -1251920,
      "ocf": -1209928,
      "capex": -41992,
      "gross_margin": 0.14266369834689174,
      "op_margin": -0.044377005867569076,
      "fcf_margin": -0.04430608329191169,
      "incr_op_margin_yoy": -0.10476656582257608,
      "rev_growth_yoy": 0.2107357301898722,
      "rev_growth_yoy_accel": 0.1924509555031214,
      "op_leverage_ratio": 0.831227621481333,
      "fcf_margin_change": -0.07348984835103252
    },
    {
      "date": "2024-03-31T00:00:00",
      "quarter_label": "2024-03 (Q1)",
      "revenue": 34207279,
      "gross_profit": 4665891,
      "operating_income": -651019,
      "net_income": -653110,
      "opex": 5316910,
      "cogs": 29541388,
      "rd": null,
      "sga": null,
      "fcf": -1563163,
      "ocf": -1556669,
      "capex": -6494,
      "gross_margin": 0.136400530425118,
      "op_margin": -0.019031592661900996,
      "fcf_margin": -0.045696794533116765,
      "incr_op_margin_yoy": 0.026571824700417458,
      "rev_growth_yoy": 0.35347435144093176,
      "rev_growth_yoy_accel": 0.14273862125105954,
      "op_leverage_ratio": 34.940532800343306,
      "fcf_margin_change": -0.0013907112412050726
    },
    {
      "date": "2024-06-30T00:00:00",
      "quarter_label": "2024-06 (Q2)",
      "revenue": 36040771,
      "gross_profit": 4893222,
      "operating_income": -461585,
      "net_income": -499553,
      "opex": 5354807,
      "cogs": 31147549,
      "rd": null,
      "sga": null,
      "fcf": -1092218,
      "ocf": -1080711,
      "capex": -11507,
      "gross_margin": 0.135769071088962,
      "op_margin": -0.012807300931492282,
      "fcf_margin": -0.03030506755807194,
      "incr_op_margin_yoy": 0.02857829895814943,
      "rev_growth_yoy": 0.3466712840112698,
      "rev_growth_yoy_accel": -0.006803067429661969,
      "op_leverage_ratio": 7.519950239413796,
      "fcf_margin_change": 0.015391726975044824
    },
    {
      "date": "2024-09-30T00:00:00",
      "quarter_label": "2024-09 (Q3)",
      "revenue": 34620433,
      "gross_profit": 4692366,
      "operating_income": -450985,
      "net_income": -425210,
      "opex": 5143351,
      "cogs": 29928067,
      "rd": null,
      "sga": null,
      "fcf": 1821701,
      "ocf": 1884402,
      "capex": -62701,
      "gross_margin": 0.13553747291375587,
      "op_margin": -0.013026555733719448,
      "fcf_margin": 0.052619243670349244,
      "incr_op_margin_yoy": 0.04295641073883262,
      "rev_growth_yoy": 0.3453366927211317,
      "rev_growth_yoy_accel": -0.0013345912901380763,
      "fcf_margin_change": 0.08292431122842119
    },
    {
      "date": "2024-12-31T00:00:00",
      "quarter_label": "2024-12 (Q4)",
      "revenue": 37703266,
      "gross_profit": 4752926,
      "operating_income": -316793,
      "net_income": -356406,
      "opex": 5069719,
      "cogs": 32950340,
      "rd": null,
      "sga": null,
      "fcf": 2397514,
      "ocf": 2434750,
      "capex": -37236,
      "gross_margin": 0.1260613868305202,
      "op_margin": -0.008402269447957108,
      "fcf_margin": 0.06358902700895991,
      "incr_op_margin_yoy": 0.09919773272245104,
      "rev_growth_yoy": 0.3343376923230736,
      "rev_growth_yoy_accel": -0.010999000398058123,
      "op_leverage_ratio": Infinity,
      "fcf_margin_change": 0.010969783338610664
    },
    {
      "date": "2025-03-31T00:00:00",
      "quarter_label": "2025-03 (Q1)",
      "revenue": 34217739,
      "gross_profit": 4778521,
      "operating_income": -816431,
      "net_income": -724063,
      "opex": 5594952,
      "cogs": 29439218,
      "rd": null,
      "sga": null,
      "fcf": -3255223,
      "ocf": -3227591,
      "capex": -27632,
      "gross_margin": 0.1396504017989032,
      "op_margin": -0.023859875721186606,
      "fcf_margin": -0.09513261527887626,
      "rev_growth_yoy": 0.0003057828715344474,
      "rev_growth_yoy_accel": -0.33403190945153916,
      "fcf_margin_change": -0.15872164228783617
    },
    {
      "date": "2025-06-30T00:00:00",
      "quarter_label": "2025-06 (Q2)",
      "revenue": 37880202,
      "gross_profit": 5117242,
      "operating_income": -708326,
      "net_income": -618459,
      "opex": 5825568,
      "cogs": 32762960,
      "rd": null,
      "sga": null,
      "fcf": 3078888,
      "ocf": 3172143,
      "capex": -93255,
      "gross_margin": 0.13509014550661583,
      "op_margin": -0.018699108309929286,
      "fcf_margin": 0.08127960880462042,
      "incr_op_margin_yoy": -0.13413985085605276,
      "rev_growth_yoy": 0.051037504164380944,
      "rev_growth_yoy_accel": 0.0507317212928465,
      "op_leverage_ratio": 2.5967423836033086,
      "fcf_margin_change": 0.17641222408349666
    },
    {
      "date": "2025-09-30T00:00:00",
      "quarter_label": "2025-09 (Q3)",
      "revenue": 36125207,
      "gross_profit": 5275312,
      "operating_income": -460636,
      "net_income": -559185,
      "opex": 5735948,
      "cogs": 30849895,
      "rd": null,
      "sga": null,
      "fcf": 5915603,
      "ocf": 5935634,
      "capex": -20031,
      "gross_margin": 0.14602856116506127,
      "op_margin": -0.012751096485066508,
      "fcf_margin": 0.1637527779425596,
      "incr_op_margin_yoy": -0.00641358768825086,
      "rev_growth_yoy": 0.04346490986984478,
      "rev_growth_yoy_accel": -0.007572594294536161,
      "fcf_margin_change": 0.08247316913793919
    }
  ],
  "signals": [
    {
      "quarter": "2025-09 (Q3)",
      "signal": "FCF MARGIN EXPANSION",
      "detail": "FCF margin: +8.1% -> +16.4% (+8.2%)",
      "severity": "MEDIUM"
    },
    {
      "quarter": "2025-06 (Q2)",
      "signal": "FCF TURNED POSITIVE",
      "detail": "FCF margin: -9.5% -> +8.1%",
      "severity": "HIGH"
    },
    {
      "quarter": "2025-06 (Q2)",
      "signal": "OPERATING LEVERAGE",
      "detail": "Rev growth +10.7% vs OpEx growth +4.1% (leverage: 2.6x)",
      "severity": "MEDIUM"
    },
    {
      "quarter": "2025-06 (Q2)",
      "signal": "YoY REVENUE GROWTH ACCELERATION",
      "detail": "YoY growth: +5.1% vs prior quarter YoY: +0.0% (accel: +5.1%)",
      "severity": "MEDIUM"
    },
    {
      "quarter": "2025-03 (Q1)",
      "signal": "YoY REVENUE GROWTH DECELERATION",
      "detail": "YoY growth: +0.0% vs prior quarter YoY: +33.4% (decel: -33.4%)",
      "severity": "WARNING"
    },
    {
      "quarter": "2024-09 (Q3)",
      "signal": "FCF TURNED POSITIVE",
      "detail": "FCF margin: -3.0% -> +5.3%",
      "severity": "HIGH"
    },
    {
      "quarter": "2024-06 (Q2)",
      "signal": "OPERATING LEVERAGE",
      "detail": "Rev growth +5.4% vs OpEx growth +0.7% (leverage: 7.5x)",
      "severity": "MEDIUM"
    },
    {
      "quarter": "2024-03 (Q1)",
      "signal": "OPERATING LEVERAGE",
      "detail": "Rev growth +21.1% vs OpEx growth +0.6% (leverage: 34.9x)",
      "severity": "MEDIUM"
    },
    {
      "quarter": "2024-03 (Q1)",
      "signal": "YoY REVENUE GROWTH ACCELERATION",
      "detail": "YoY growth: +35.3% vs prior quarter YoY: +21.1% (accel: +14.3%)",
      "severity": "MEDIUM"
    },
    {
      "quarter": "2023-12 (Q4)",
      "signal": "YoY REVENUE GROWTH ACCELERATION",
      "detail": "YoY growth: +21.1% vs prior quarter YoY: +1.8% (accel: +19.2%)",
      "severity": "HIGH"
    },
    {
      "quarter": "2023-09 (Q3)",
      "signal": "YoY REVENUE GROWTH DECELERATION",
      "detail": "YoY growth: +1.8% vs prior quarter YoY: +16.1% (decel: -14.2%)",
      "severity": "WARNING"
    },
    {
      "quarter": "2023-06 (Q2)",
      "signal": "FCF TURNED POSITIVE",
      "detail": "FCF margin: -10.2% -> +13.1%",
      "severity": "HIGH"
    },
    {
      "quarter": "2023-03 (Q1)",
      "signal": "YoY REVENUE GROWTH ACCELERATION",
      "detail": "YoY growth: +12.6% vs prior quarter YoY: -4.6% (accel: +17.2%)",
      "severity": "HIGH"
    },
    {
      "quarter": "2022-12 (Q4)",
      "signal": "FCF TURNED POSITIVE",
      "detail": "FCF margin: -3.9% -> +12.2%",
      "severity": "HIGH"
    },
    {
      "quarter": "2022-12 (Q4)",
      "signal": "YoY REVENUE GROWTH DECELERATION",
      "detail": "YoY growth: -4.6% vs prior quarter YoY: +13.6% (decel: -18.1%)",
      "severity": "WARNING"
    },
    {
      "quarter": "2022-06 (Q2)",
      "signal": "YoY REVENUE GROWTH ACCELERATION",
      "detail": "YoY growth: +15.4% vs prior quarter YoY: +8.6% (accel: +6.7%)",
      "severity": "MEDIUM"
    },
    {
      "quarter": "2022-03 (Q1)",
      "signal": "FCF TURNED POSITIVE",
      "detail": "FCF margin: -19.5% -> +11.7%",
      "severity": "HIGH"
    },
    {
      "quarter": "2022-03 (Q1)",
      "signal": "YoY REVENUE GROWTH ACCELERATION",
      "detail": "YoY growth: +8.6% vs prior quarter YoY: -13.9% (accel: +22.5%)",
      "severity": "HIGH"
    },
    {
      "quarter": "2021-09 (Q3)",
      "signal": "FCF TURNED POSITIVE",
      "detail": "FCF margin: -6.9% -> +17.1%",
      "severity": "HIGH"
    },
    {
      "quarter": "2021-09 (Q3)",
      "signal": "OP MARGIN TURNED POSITIVE (QoQ)",
      "detail": "Op margin: -0.3% -> +3.6%",
      "severity": "HIGH"
    }
  ],
  "data_quality": {
    "n_quarters": 20,
    "coverage": {
      "revenue": [
        20,
        20
      ],
      "gross_profit": [
        20,
        20
      ],
      "op_income": [
        20,
        20
      ],
      "fcf": [
        20,
        20
      ]
    },
    "gaps": [],
    "warnings": []
  },
  "market_cap": null,
  "source": "SEC EDGAR",
  "last_updated": "2026-02-02T23:31:56.005657"
}