{
  "ticker": "XENE",
  "name": "XENON PHARMACEUTICALS INC.",
  "quarters": [
    {
      "date": "2019-09-30T00:00:00",
      "quarter_label": "2019-09 (Q3)",
      "revenue": 3500000,
      "gross_profit": null,
      "operating_income": null,
      "net_income": null,
      "opex": null,
      "cogs": null,
      "rd": null,
      "sga": null,
      "fcf": null,
      "ocf": null,
      "capex": null,
      "gross_margin": null,
      "op_margin": null,
      "fcf_margin": null
    },
    {
      "date": "2019-12-31T00:00:00",
      "quarter_label": "2019-12 (Q4)",
      "revenue": 3329000,
      "gross_profit": null,
      "operating_income": null,
      "net_income": null,
      "opex": null,
      "cogs": null,
      "rd": null,
      "sga": null,
      "fcf": null,
      "ocf": null,
      "capex": null,
      "gross_margin": null,
      "op_margin": null,
      "fcf_margin": null
    },
    {
      "date": "2020-03-31T00:00:00",
      "quarter_label": "2020-03 (Q1)",
      "revenue": 7078000,
      "gross_profit": null,
      "operating_income": null,
      "net_income": null,
      "opex": null,
      "cogs": null,
      "rd": null,
      "sga": null,
      "fcf": null,
      "ocf": null,
      "capex": null,
      "gross_margin": null,
      "op_margin": null,
      "fcf_margin": null
    },
    {
      "date": "2020-06-30T00:00:00",
      "quarter_label": "2020-06 (Q2)",
      "revenue": 13384000,
      "gross_profit": null,
      "operating_income": null,
      "net_income": null,
      "opex": null,
      "cogs": null,
      "rd": null,
      "sga": null,
      "fcf": null,
      "ocf": null,
      "capex": null,
      "gross_margin": null,
      "op_margin": null,
      "fcf_margin": null
    },
    {
      "date": "2020-09-30T00:00:00",
      "quarter_label": "2020-09 (Q3)",
      "revenue": 6554000,
      "gross_profit": null,
      "operating_income": null,
      "net_income": null,
      "opex": null,
      "cogs": null,
      "rd": null,
      "sga": null,
      "fcf": null,
      "ocf": null,
      "capex": null,
      "gross_margin": null,
      "op_margin": null,
      "fcf_margin": null,
      "rev_growth_yoy": 0.8725714285714286
    },
    {
      "date": "2020-12-31T00:00:00",
      "quarter_label": "2020-12 (Q4)",
      "revenue": 5150000,
      "gross_profit": null,
      "operating_income": -12923000,
      "net_income": -12323000,
      "opex": 18073000,
      "cogs": null,
      "rd": 14967000,
      "sga": null,
      "fcf": -13942000,
      "ocf": -13114000,
      "capex": -828000,
      "gross_margin": null,
      "op_margin": -2.5093203883495145,
      "fcf_margin": -2.7071844660194175,
      "rev_growth_yoy": 0.5470111144487834,
      "rev_growth_yoy_accel": -0.3255603141226452
    },
    {
      "date": "2021-03-31T00:00:00",
      "quarter_label": "2021-03 (Q1)",
      "revenue": 4358000,
      "gross_profit": null,
      "operating_income": -16059000,
      "net_income": -15764000,
      "opex": 20417000,
      "cogs": null,
      "rd": 16308000,
      "sga": null,
      "fcf": -21112000,
      "ocf": -20708000,
      "capex": -404000,
      "gross_margin": null,
      "op_margin": -3.684947223497017,
      "fcf_margin": -4.844424047728316,
      "rev_growth_yoy": -0.38428934727324104,
      "rev_growth_yoy_accel": -0.9313004617220244,
      "fcf_margin_change": -2.137239581708898
    },
    {
      "date": "2021-06-30T00:00:00",
      "quarter_label": "2021-06 (Q2)",
      "revenue": 2218000,
      "gross_profit": null,
      "operating_income": -22498000,
      "net_income": -22109000,
      "opex": 24716000,
      "cogs": null,
      "rd": 18377000,
      "sga": null,
      "fcf": -13986000,
      "ocf": -13077000,
      "capex": -909000,
      "gross_margin": null,
      "op_margin": -10.143372407574391,
      "fcf_margin": -6.305680793507665,
      "rev_growth_yoy": -0.8342797369994023,
      "rev_growth_yoy_accel": -0.44999038972616123,
      "fcf_margin_change": -1.461256745779349
    },
    {
      "date": "2021-09-30T00:00:00",
      "quarter_label": "2021-09 (Q3)",
      "revenue": 8124000,
      "gross_profit": null,
      "operating_income": -15598000,
      "net_income": -15445000,
      "opex": 23722000,
      "cogs": null,
      "rd": 18891000,
      "sga": null,
      "fcf": -15230000,
      "ocf": -15007000,
      "capex": -223000,
      "gross_margin": null,
      "op_margin": -1.9199901526341703,
      "fcf_margin": -1.8746922698178237,
      "rev_growth_yoy": 0.23954836740921576,
      "rev_growth_yoy_accel": 1.073828104408618,
      "op_leverage_ratio": Infinity,
      "fcf_margin_change": 4.430988523689841
    },
    {
      "date": "2021-12-31T00:00:00",
      "quarter_label": "2021-12 (Q4)",
      "revenue": 3737000,
      "gross_profit": null,
      "operating_income": -24838000,
      "net_income": -25564000,
      "opex": 28575000,
      "cogs": null,
      "rd": 21887000,
      "sga": null,
      "fcf": -21224000,
      "ocf": -20710000,
      "capex": -514000,
      "gross_margin": null,
      "op_margin": -6.646507894032647,
      "fcf_margin": -5.679421996253679,
      "incr_op_margin_yoy": 8.43241330502477,
      "rev_growth_yoy": -0.27436893203883495,
      "rev_growth_yoy_accel": -0.5139172994480508,
      "fcf_margin_change": -3.8047297264358555
    },
    {
      "date": "2022-03-31T00:00:00",
      "quarter_label": "2022-03 (Q1)",
      "revenue": 8766000,
      "gross_profit": null,
      "operating_income": -17369000,
      "net_income": -19670000,
      "opex": 26135000,
      "cogs": null,
      "rd": 19360000,
      "sga": null,
      "fcf": -18640000,
      "ocf": -18428000,
      "capex": -212000,
      "gross_margin": null,
      "op_margin": -1.9814054300707278,
      "fcf_margin": -2.1263974446725986,
      "incr_op_margin_yoy": -0.2971869328493648,
      "rev_growth_yoy": 1.0114731528223957,
      "rev_growth_yoy_accel": 1.2858420848612306,
      "op_leverage_ratio": Infinity,
      "fcf_margin_change": 3.5530245515810805
    },
    {
      "date": "2022-06-30T00:00:00",
      "quarter_label": "2022-06 (Q2)",
      "revenue": 536000,
      "gross_profit": null,
      "operating_income": -30315000,
      "net_income": -31158000,
      "opex": 30851000,
      "cogs": null,
      "rd": 22146000,
      "sga": null,
      "fcf": -17412000,
      "ocf": -16868000,
      "capex": -544000,
      "gross_margin": null,
      "op_margin": -56.55783582089552,
      "fcf_margin": -32.485074626865675,
      "incr_op_margin_yoy": 4.6474435196195,
      "rev_growth_yoy": -0.7583408476104598,
      "rev_growth_yoy_accel": -1.7698140004328555,
      "fcf_margin_change": -30.358677182193077
    },
    {
      "date": "2022-09-30T00:00:00",
      "quarter_label": "2022-09 (Q3)",
      "revenue": 132000,
      "gross_profit": null,
      "operating_income": -38128000,
      "net_income": -37150000,
      "opex": 38260000,
      "cogs": null,
      "rd": 29431000,
      "sga": null,
      "fcf": -30788000,
      "ocf": -30402000,
      "capex": -386000,
      "gross_margin": null,
      "op_margin": -288.8484848484849,
      "fcf_margin": -233.24242424242425,
      "incr_op_margin_yoy": 2.819069069069069,
      "rev_growth_yoy": -0.983751846381093,
      "rev_growth_yoy_accel": -0.2254109987706332,
      "fcf_margin_change": -200.75734961555858
    },
    {
      "date": "2022-12-31T00:00:00",
      "quarter_label": "2022-12 (Q4)",
      "revenue": 0,
      "gross_profit": null,
      "operating_income": -43331000,
      "net_income": -37395000,
      "opex": 43331000,
      "cogs": null,
      "rd": 34830000,
      "sga": null,
      "fcf": -37082000,
      "ocf": -35330000,
      "capex": -1752000,
      "gross_margin": null,
      "op_margin": null,
      "fcf_margin": null,
      "incr_op_margin_yoy": 4.948621889215949,
      "rev_growth_yoy": -1.0,
      "rev_growth_yoy_accel": -0.01624815361890697
    },
    {
      "date": "2024-03-31T00:00:00",
      "quarter_label": "2024-03 (Q1)",
      "revenue": 0,
      "gross_profit": null,
      "operating_income": -59041000,
      "net_income": -47931000,
      "opex": 59041000,
      "cogs": null,
      "rd": 44250000,
      "sga": null,
      "fcf": -46375000,
      "ocf": -46187000,
      "capex": -188000,
      "gross_margin": null,
      "op_margin": null,
      "fcf_margin": null
    },
    {
      "date": "2024-06-30T00:00:00",
      "quarter_label": "2024-06 (Q2)",
      "revenue": 0,
      "gross_profit": null,
      "operating_income": -69104000,
      "net_income": -57924000,
      "opex": 69104000,
      "cogs": null,
      "rd": 49702000,
      "sga": null,
      "fcf": -32666000,
      "ocf": -31152000,
      "capex": -1514000,
      "gross_margin": null,
      "op_margin": null,
      "fcf_margin": null
    },
    {
      "date": "2024-09-30T00:00:00",
      "quarter_label": "2024-09 (Q3)",
      "revenue": 0,
      "gross_profit": null,
      "operating_income": -73676000,
      "net_income": -62790000,
      "opex": 73676000,
      "cogs": null,
      "rd": 56970000,
      "sga": null,
      "fcf": -50255000,
      "ocf": -49665000,
      "capex": -590000,
      "gross_margin": null,
      "op_margin": null,
      "fcf_margin": null
    },
    {
      "date": "2025-03-31T00:00:00",
      "quarter_label": "2025-03 (Q1)",
      "revenue": 7500000,
      "gross_profit": null,
      "operating_income": -72738000,
      "net_income": -65047000,
      "opex": 80238000,
      "cogs": null,
      "rd": 61200000,
      "sga": null,
      "fcf": -61695000,
      "ocf": -61652000,
      "capex": -43000,
      "gross_margin": null,
      "op_margin": -9.6984,
      "fcf_margin": -8.226,
      "incr_op_margin_yoy": -1.8262666666666667
    },
    {
      "date": "2025-06-30T00:00:00",
      "quarter_label": "2025-06 (Q2)",
      "revenue": 0,
      "gross_profit": null,
      "operating_income": -94229000,
      "net_income": -84706000,
      "opex": 94229000,
      "cogs": null,
      "rd": 74985000,
      "sga": null,
      "fcf": -64390000,
      "ocf": -64233000,
      "capex": -157000,
      "gross_margin": null,
      "op_margin": null,
      "fcf_margin": null
    },
    {
      "date": "2025-09-30T00:00:00",
      "quarter_label": "2025-09 (Q3)",
      "revenue": 0,
      "gross_profit": null,
      "operating_income": -96336000,
      "net_income": -90896000,
      "opex": 96336000,
      "cogs": null,
      "rd": 77054000,
      "sga": null,
      "fcf": -72033000,
      "ocf": -71752000,
      "capex": -281000,
      "gross_margin": null,
      "op_margin": null,
      "fcf_margin": null
    }
  ],
  "signals": [
    {
      "quarter": "2022-09 (Q3)",
      "signal": "YoY REVENUE GROWTH DECELERATION",
      "detail": "YoY growth: -98.4% vs prior quarter YoY: -75.8% (decel: -22.5%)",
      "severity": "WARNING"
    },
    {
      "quarter": "2022-06 (Q2)",
      "signal": "YoY REVENUE GROWTH DECELERATION",
      "detail": "YoY growth: -75.8% vs prior quarter YoY: +101.1% (decel: -177.0%)",
      "severity": "WARNING"
    },
    {
      "quarter": "2022-03 (Q1)",
      "signal": "FCF MARGIN EXPANSION",
      "detail": "FCF margin: -567.9% -> -212.6% (+355.3%)",
      "severity": "MEDIUM"
    },
    {
      "quarter": "2022-03 (Q1)",
      "signal": "YoY REVENUE GROWTH ACCELERATION",
      "detail": "YoY growth: +101.1% vs prior quarter YoY: -27.4% (accel: +128.6%)",
      "severity": "HIGH"
    },
    {
      "quarter": "2021-12 (Q4)",
      "signal": "YoY REVENUE GROWTH DECELERATION",
      "detail": "YoY growth: -27.4% vs prior quarter YoY: +24.0% (decel: -51.4%)",
      "severity": "WARNING"
    },
    {
      "quarter": "2021-09 (Q3)",
      "signal": "FCF MARGIN EXPANSION",
      "detail": "FCF margin: -630.6% -> -187.5% (+443.1%)",
      "severity": "MEDIUM"
    },
    {
      "quarter": "2021-09 (Q3)",
      "signal": "YoY REVENUE GROWTH ACCELERATION",
      "detail": "YoY growth: +24.0% vs prior quarter YoY: -83.4% (accel: +107.4%)",
      "severity": "HIGH"
    },
    {
      "quarter": "2021-06 (Q2)",
      "signal": "YoY REVENUE GROWTH DECELERATION",
      "detail": "YoY growth: -83.4% vs prior quarter YoY: -38.4% (decel: -45.0%)",
      "severity": "WARNING"
    },
    {
      "quarter": "2021-03 (Q1)",
      "signal": "YoY REVENUE GROWTH DECELERATION",
      "detail": "YoY growth: -38.4% vs prior quarter YoY: +54.7% (decel: -93.1%)",
      "severity": "WARNING"
    },
    {
      "quarter": "2020-12 (Q4)",
      "signal": "YoY REVENUE GROWTH DECELERATION",
      "detail": "YoY growth: +54.7% vs prior quarter YoY: +87.3% (decel: -32.6%)",
      "severity": "WARNING"
    }
  ],
  "data_quality": {
    "n_quarters": 20,
    "coverage": {
      "revenue": [
        20,
        20
      ],
      "gross_profit": [
        0,
        20
      ],
      "op_income": [
        15,
        20
      ],
      "fcf": [
        15,
        20
      ]
    },
    "gaps": [
      [
        "2022-12 (Q4)",
        "2024-03 (Q1)",
        456
      ],
      [
        "2024-09 (Q3)",
        "2025-03 (Q1)",
        182
      ]
    ],
    "warnings": [
      "gross_profit: no data",
      "op_income: 15/20Q",
      "fcf: 15/20Q",
      "gap: 4Q missing between 2022-12 (Q4) and 2024-03 (Q1)",
      "gap: 1Q missing between 2024-09 (Q3) and 2025-03 (Q1)"
    ]
  },
  "market_cap": null,
  "source": "SEC EDGAR",
  "last_updated": "2026-02-02T21:19:49.194231"
}