{
  "ticker": "XIFR",
  "name": "XPLR INFRASTRUCTURE, LP",
  "sector": "Utilities",
  "industry": "Utilities - Renewable",
  "quarters": [
    {
      "date": "2021-03-31T00:00:00",
      "quarter_label": "2021-03 (Q1)",
      "revenue": 246000000,
      "gross_profit": null,
      "operating_income": 78000000,
      "net_income": 202000000,
      "opex": 168000000,
      "cogs": null,
      "rd": null,
      "sga": null,
      "fcf": 59000000,
      "ocf": 104000000,
      "capex": -45000000,
      "gross_margin": null,
      "op_margin": 0.3170731707317073,
      "fcf_margin": 0.23983739837398374
    },
    {
      "date": "2021-06-30T00:00:00",
      "quarter_label": "2021-06 (Q2)",
      "revenue": 253000000,
      "gross_profit": null,
      "operating_income": 70000000,
      "net_income": -74000000,
      "opex": 183000000,
      "cogs": null,
      "rd": null,
      "sga": null,
      "fcf": 185000000,
      "ocf": 204000000,
      "capex": -19000000,
      "gross_margin": null,
      "op_margin": 0.2766798418972332,
      "fcf_margin": 0.7312252964426877,
      "op_leverage_ratio": 0.3186991869918699,
      "fcf_margin_change": 0.491387898068704
    },
    {
      "date": "2021-09-30T00:00:00",
      "quarter_label": "2021-09 (Q3)",
      "revenue": 252000000,
      "gross_profit": null,
      "operating_income": 64000000,
      "net_income": 18000000,
      "opex": 188000000,
      "cogs": null,
      "rd": null,
      "sga": null,
      "fcf": 166000000,
      "ocf": 184000000,
      "capex": -18000000,
      "gross_margin": null,
      "op_margin": 0.25396825396825395,
      "fcf_margin": 0.6587301587301587,
      "fcf_margin_change": -0.07249513771252902
    },
    {
      "date": "2021-12-31T00:00:00",
      "quarter_label": "2021-12 (Q4)",
      "revenue": 231000000,
      "gross_profit": null,
      "operating_income": 22000000,
      "net_income": -9000000,
      "opex": 209000000,
      "cogs": null,
      "rd": null,
      "sga": null,
      "fcf": 154000000,
      "ocf": 185000000,
      "capex": -31000000,
      "gross_margin": null,
      "op_margin": 0.09523809523809523,
      "fcf_margin": 0.6666666666666666,
      "fcf_margin_change": 0.007936507936507908
    },
    {
      "date": "2022-03-31T00:00:00",
      "quarter_label": "2022-03 (Q1)",
      "revenue": 281000000,
      "gross_profit": null,
      "operating_income": 34000000,
      "net_income": 144000000,
      "opex": 247000000,
      "cogs": null,
      "rd": null,
      "sga": null,
      "fcf": -347000000,
      "ocf": 120000000,
      "capex": -467000000,
      "gross_margin": null,
      "op_margin": 0.12099644128113879,
      "fcf_margin": -1.2348754448398576,
      "incr_op_margin_yoy": -1.2571428571428571,
      "rev_growth_yoy": 0.14227642276422764,
      "op_leverage_ratio": 1.1904761904761905,
      "fcf_margin_change": -1.901542111506524
    },
    {
      "date": "2022-06-30T00:00:00",
      "quarter_label": "2022-06 (Q2)",
      "revenue": 362000000,
      "gross_profit": null,
      "operating_income": 133000000,
      "net_income": 219000000,
      "opex": 256000000,
      "cogs": null,
      "rd": null,
      "sga": null,
      "fcf": 7000000,
      "ocf": 289000000,
      "capex": -282000000,
      "gross_margin": null,
      "op_margin": 0.3674033149171271,
      "fcf_margin": 0.019337016574585635,
      "incr_op_margin_yoy": 0.5779816513761468,
      "rev_growth_yoy": 0.4308300395256917,
      "rev_growth_yoy_accel": 0.28855361676146407,
      "op_leverage_ratio": 7.911032028469752,
      "fcf_margin_change": 1.2542124614144432
    },
    {
      "date": "2022-09-30T00:00:00",
      "quarter_label": "2022-09 (Q3)",
      "revenue": 302000000,
      "gross_profit": null,
      "operating_income": 49000000,
      "net_income": 79000000,
      "opex": 261000000,
      "cogs": null,
      "rd": null,
      "sga": null,
      "fcf": -7000000,
      "ocf": 202000000,
      "capex": -209000000,
      "gross_margin": null,
      "op_margin": 0.16225165562913907,
      "fcf_margin": -0.023178807947019868,
      "incr_op_margin_yoy": -0.3,
      "rev_growth_yoy": 0.1984126984126984,
      "rev_growth_yoy_accel": -0.2324173411129933,
      "fcf_margin_change": -0.0425158245216055
    },
    {
      "date": "2022-12-31T00:00:00",
      "quarter_label": "2022-12 (Q4)",
      "revenue": 266000000,
      "gross_profit": null,
      "operating_income": -19000000,
      "net_income": 34000000,
      "opex": 286000000,
      "cogs": null,
      "rd": null,
      "sga": null,
      "fcf": -228000000,
      "ocf": 165000000,
      "capex": -393000000,
      "gross_margin": null,
      "op_margin": -0.07142857142857142,
      "fcf_margin": -0.8571428571428571,
      "incr_op_margin_yoy": -1.1714285714285715,
      "rev_growth_yoy": 0.15151515151515152,
      "rev_growth_yoy_accel": -0.04689754689754688,
      "fcf_margin_change": -0.8339640491958372
    },
    {
      "date": "2023-03-31T00:00:00",
      "quarter_label": "2023-03 (Q1)",
      "revenue": 301000000,
      "gross_profit": null,
      "operating_income": 3000000,
      "net_income": -14000000,
      "opex": 298000000,
      "cogs": null,
      "rd": null,
      "sga": null,
      "fcf": -319000000,
      "ocf": 82000000,
      "capex": -401000000,
      "gross_margin": null,
      "op_margin": 0.009966777408637873,
      "fcf_margin": -1.0598006644518272,
      "incr_op_margin_yoy": -1.55,
      "rev_growth_yoy": 0.0711743772241993,
      "rev_growth_yoy_accel": -0.08034077429095222,
      "op_leverage_ratio": 3.1359649122807016,
      "fcf_margin_change": -0.2026578073089701
    },
    {
      "date": "2023-06-30T00:00:00",
      "quarter_label": "2023-06 (Q2)",
      "revenue": 350000000,
      "gross_profit": null,
      "operating_income": 64000000,
      "net_income": 49000000,
      "opex": 286000000,
      "cogs": null,
      "rd": null,
      "sga": null,
      "fcf": -192000000,
      "ocf": 214000000,
      "capex": -406000000,
      "gross_margin": null,
      "op_margin": 0.18285714285714286,
      "fcf_margin": -0.5485714285714286,
      "incr_op_margin_yoy": 5.75,
      "rev_growth_yoy": -0.03314917127071823,
      "rev_growth_yoy_accel": -0.10432354849491753,
      "op_leverage_ratio": null,
      "fcf_margin_change": 0.5112292358803986
    },
    {
      "date": "2023-09-30T00:00:00",
      "quarter_label": "2023-09 (Q3)",
      "revenue": 367000000,
      "gross_profit": null,
      "operating_income": 73000000,
      "net_income": 53000000,
      "opex": 294000000,
      "cogs": null,
      "rd": null,
      "sga": null,
      "fcf": -1000000,
      "ocf": 256000000,
      "capex": -257000000,
      "gross_margin": null,
      "op_margin": 0.1989100817438692,
      "fcf_margin": -0.0027247956403269754,
      "incr_op_margin_yoy": 0.36923076923076925,
      "rev_growth_yoy": 0.2152317880794702,
      "rev_growth_yoy_accel": 0.24838095935018842,
      "op_leverage_ratio": 1.7364285714285714,
      "fcf_margin_change": 0.5458466329311016
    },
    {
      "date": "2023-12-31T00:00:00",
      "quarter_label": "2023-12 (Q4)",
      "revenue": 60000000,
      "gross_profit": null,
      "operating_income": -168000000,
      "net_income": 112000000,
      "opex": 228000000,
      "cogs": null,
      "rd": null,
      "sga": null,
      "fcf": -26000000,
      "ocf": 179000000,
      "capex": -205000000,
      "gross_margin": null,
      "op_margin": -2.8,
      "fcf_margin": -0.43333333333333335,
      "incr_op_margin_yoy": 0.7233009708737864,
      "rev_growth_yoy": -0.7744360902255639,
      "rev_growth_yoy_accel": -0.9896678783050341,
      "fcf_margin_change": -0.4306085376930064
    },
    {
      "date": "2024-03-31T00:00:00",
      "quarter_label": "2024-03 (Q1)",
      "revenue": 257000000,
      "gross_profit": null,
      "operating_income": -21000000,
      "net_income": 70000000,
      "opex": 278000000,
      "cogs": null,
      "rd": null,
      "sga": null,
      "fcf": 14000000,
      "ocf": 78000000,
      "capex": -64000000,
      "gross_margin": null,
      "op_margin": -0.08171206225680934,
      "fcf_margin": 0.054474708171206226,
      "incr_op_margin_yoy": 0.5454545454545454,
      "rev_growth_yoy": -0.1461794019933555,
      "rev_growth_yoy_accel": 0.6282566882322085,
      "op_leverage_ratio": 14.972,
      "fcf_margin_change": 0.4878080415045396
    },
    {
      "date": "2024-06-30T00:00:00",
      "quarter_label": "2024-06 (Q2)",
      "revenue": 360000000,
      "gross_profit": null,
      "operating_income": 66000000,
      "net_income": 62000000,
      "opex": 294000000,
      "cogs": null,
      "rd": null,
      "sga": null,
      "fcf": 162000000,
      "ocf": 231000000,
      "capex": -69000000,
      "gross_margin": null,
      "op_margin": 0.18333333333333332,
      "fcf_margin": 0.45,
      "incr_op_margin_yoy": 0.2,
      "rev_growth_yoy": 0.02857142857142857,
      "rev_growth_yoy_accel": 0.17475083056478408,
      "op_leverage_ratio": 6.96352140077821,
      "fcf_margin_change": 0.3955252918287938
    },
    {
      "date": "2024-09-30T00:00:00",
      "quarter_label": "2024-09 (Q3)",
      "revenue": 319000000,
      "gross_profit": null,
      "operating_income": 49000000,
      "net_income": -40000000,
      "opex": 284000000,
      "cogs": null,
      "rd": null,
      "sga": null,
      "fcf": 152000000,
      "ocf": 208000000,
      "capex": -56000000,
      "gross_margin": null,
      "op_margin": 0.1536050156739812,
      "fcf_margin": 0.47648902821316613,
      "incr_op_margin_yoy": 0.5,
      "rev_growth_yoy": -0.1307901907356948,
      "rev_growth_yoy_accel": -0.1593616193071234,
      "fcf_margin_change": 0.02648902821316612
    },
    {
      "date": "2024-12-31T00:00:00",
      "quarter_label": "2024-12 (Q4)",
      "revenue": 294000000,
      "gross_profit": null,
      "operating_income": -552000000,
      "net_income": -114000000,
      "opex": 846000000,
      "cogs": null,
      "rd": null,
      "sga": null,
      "fcf": 231000000,
      "ocf": 283000000,
      "capex": -52000000,
      "gross_margin": null,
      "op_margin": -1.8775510204081634,
      "fcf_margin": 0.7857142857142857,
      "incr_op_margin_yoy": -1.641025641025641,
      "rev_growth_yoy": 3.9,
      "rev_growth_yoy_accel": 4.0307901907356944,
      "fcf_margin_change": 0.30922525750111957
    },
    {
      "date": "2025-03-31T00:00:00",
      "quarter_label": "2025-03 (Q1)",
      "revenue": 282000000,
      "gross_profit": null,
      "operating_income": -233000000,
      "net_income": -98000000,
      "opex": 515000000,
      "cogs": null,
      "rd": null,
      "sga": null,
      "fcf": 1000000,
      "ocf": 90000000,
      "capex": -89000000,
      "gross_margin": null,
      "op_margin": -0.8262411347517731,
      "fcf_margin": 0.0035460992907801418,
      "incr_op_margin_yoy": -8.48,
      "rev_growth_yoy": 0.09727626459143969,
      "rev_growth_yoy_accel": -3.80272373540856,
      "fcf_margin_change": -0.7821681864235056
    },
    {
      "date": "2025-06-30T00:00:00",
      "quarter_label": "2025-06 (Q2)",
      "revenue": 342000000,
      "gross_profit": null,
      "operating_income": 90000000,
      "net_income": 79000000,
      "opex": 261000000,
      "cogs": null,
      "rd": null,
      "sga": null,
      "fcf": 151000000,
      "ocf": 232000000,
      "capex": -81000000,
      "gross_margin": null,
      "op_margin": 0.2631578947368421,
      "fcf_margin": 0.4415204678362573,
      "incr_op_margin_yoy": -1.3333333333333333,
      "rev_growth_yoy": -0.05,
      "rev_growth_yoy_accel": -0.1472762645914397,
      "op_leverage_ratio": null,
      "fcf_margin_change": 0.43797436854547717
    },
    {
      "date": "2025-09-30T00:00:00",
      "quarter_label": "2025-09 (Q3)",
      "revenue": 315000000,
      "gross_profit": null,
      "operating_income": 5000000,
      "net_income": -37000000,
      "opex": 308000000,
      "cogs": null,
      "rd": null,
      "sga": null,
      "fcf": -283000000,
      "ocf": 231000000,
      "capex": -514000000,
      "gross_margin": null,
      "op_margin": 0.015873015873015872,
      "fcf_margin": -0.8984126984126984,
      "incr_op_margin_yoy": 11.0,
      "rev_growth_yoy": -0.012539184952978056,
      "rev_growth_yoy_accel": 0.03746081504702195,
      "fcf_margin_change": -1.3399331662489558
    },
    {
      "date": "2025-12-31T00:00:00",
      "quarter_label": "2025-12 (Q4)",
      "revenue": 249000000,
      "gross_profit": null,
      "operating_income": -49000000,
      "net_income": 28000000,
      "opex": 298000000,
      "cogs": null,
      "rd": null,
      "sga": null,
      "fcf": -88000000,
      "ocf": 186000000,
      "capex": -274000000,
      "gross_margin": null,
      "op_margin": -0.19678714859437751,
      "fcf_margin": -0.3534136546184739,
      "incr_op_margin_yoy": -11.177777777777777,
      "rev_growth_yoy": -0.15306122448979592,
      "rev_growth_yoy_accel": -0.14052203953681786,
      "fcf_margin_change": 0.5449990437942245
    }
  ],
  "signals": [
    {
      "quarter": "2025-12 (Q4)",
      "signal": "FCF MARGIN EXPANSION",
      "detail": "FCF margin: -89.8% -> -35.3% (+54.5%)",
      "severity": "MEDIUM"
    },
    {
      "quarter": "2025-12 (Q4)",
      "signal": "YoY REVENUE GROWTH DECELERATION",
      "detail": "YoY growth: -15.3% vs prior quarter YoY: -1.3% (decel: -14.1%)",
      "severity": "WARNING"
    },
    {
      "quarter": "2025-09 (Q3)",
      "signal": "INCREMENTAL MARGIN (YoY)",
      "detail": "YoY Incr OPM: +1100.0% vs year-ago OPM: +15.4%",
      "severity": "HIGH"
    },
    {
      "quarter": "2025-06 (Q2)",
      "signal": "FCF MARGIN EXPANSION",
      "detail": "FCF margin: +0.4% -> +44.2% (+43.8%)",
      "severity": "MEDIUM"
    },
    {
      "quarter": "2025-06 (Q2)",
      "signal": "YoY REVENUE GROWTH DECELERATION",
      "detail": "YoY growth: -5.0% vs prior quarter YoY: +9.7% (decel: -14.7%)",
      "severity": "WARNING"
    },
    {
      "quarter": "2025-06 (Q2)",
      "signal": "OP MARGIN TURNED POSITIVE (QoQ)",
      "detail": "Op margin: -82.6% -> +26.3%",
      "severity": "HIGH"
    },
    {
      "quarter": "2025-03 (Q1)",
      "signal": "YoY REVENUE GROWTH DECELERATION",
      "detail": "YoY growth: +9.7% vs prior quarter YoY: +390.0% (decel: -380.3%)",
      "severity": "WARNING"
    },
    {
      "quarter": "2024-12 (Q4)",
      "signal": "FCF MARGIN EXPANSION",
      "detail": "FCF margin: +47.6% -> +78.6% (+30.9%)",
      "severity": "MEDIUM"
    },
    {
      "quarter": "2024-12 (Q4)",
      "signal": "YoY REVENUE GROWTH ACCELERATION",
      "detail": "YoY growth: +390.0% vs prior quarter YoY: -13.1% (accel: +403.1%)",
      "severity": "HIGH"
    },
    {
      "quarter": "2024-09 (Q3)",
      "signal": "YoY REVENUE GROWTH DECELERATION",
      "detail": "YoY growth: -13.1% vs prior quarter YoY: +2.9% (decel: -15.9%)",
      "severity": "WARNING"
    },
    {
      "quarter": "2024-09 (Q3)",
      "signal": "INCREMENTAL MARGIN (YoY)",
      "detail": "YoY Incr OPM: +50.0% vs year-ago OPM: +19.9%",
      "severity": "HIGH"
    },
    {
      "quarter": "2024-06 (Q2)",
      "signal": "FCF MARGIN EXPANSION",
      "detail": "FCF margin: +5.4% -> +45.0% (+39.6%)",
      "severity": "MEDIUM"
    },
    {
      "quarter": "2024-06 (Q2)",
      "signal": "OPERATING LEVERAGE",
      "detail": "Rev growth +40.1% vs OpEx growth +5.8% (leverage: 7.0x)",
      "severity": "MEDIUM"
    },
    {
      "quarter": "2024-06 (Q2)",
      "signal": "YoY REVENUE GROWTH ACCELERATION",
      "detail": "YoY growth: +2.9% vs prior quarter YoY: -14.6% (accel: +17.5%)",
      "severity": "HIGH"
    },
    {
      "quarter": "2024-06 (Q2)",
      "signal": "OP MARGIN TURNED POSITIVE (QoQ)",
      "detail": "Op margin: -8.2% -> +18.3%",
      "severity": "HIGH"
    },
    {
      "quarter": "2024-03 (Q1)",
      "signal": "FCF TURNED POSITIVE",
      "detail": "FCF margin: -43.3% -> +5.4%",
      "severity": "HIGH"
    },
    {
      "quarter": "2024-03 (Q1)",
      "signal": "OPERATING LEVERAGE",
      "detail": "Rev growth +328.3% vs OpEx growth +21.9% (leverage: 15.0x)",
      "severity": "MEDIUM"
    },
    {
      "quarter": "2024-03 (Q1)",
      "signal": "YoY REVENUE GROWTH ACCELERATION",
      "detail": "YoY growth: -14.6% vs prior quarter YoY: -77.4% (accel: +62.8%)",
      "severity": "HIGH"
    },
    {
      "quarter": "2023-12 (Q4)",
      "signal": "YoY REVENUE GROWTH DECELERATION",
      "detail": "YoY growth: -77.4% vs prior quarter YoY: +21.5% (decel: -99.0%)",
      "severity": "WARNING"
    },
    {
      "quarter": "2023-09 (Q3)",
      "signal": "FCF MARGIN EXPANSION",
      "detail": "FCF margin: -54.9% -> -0.3% (+54.6%)",
      "severity": "MEDIUM"
    },
    {
      "quarter": "2023-09 (Q3)",
      "signal": "OPERATING LEVERAGE",
      "detail": "Rev growth +4.9% vs OpEx growth +2.8% (leverage: 1.7x)",
      "severity": "MEDIUM"
    },
    {
      "quarter": "2023-09 (Q3)",
      "signal": "YoY REVENUE GROWTH ACCELERATION",
      "detail": "YoY growth: +21.5% vs prior quarter YoY: -3.3% (accel: +24.8%)",
      "severity": "HIGH"
    },
    {
      "quarter": "2023-09 (Q3)",
      "signal": "INCREMENTAL MARGIN (YoY)",
      "detail": "YoY Incr OPM: +36.9% vs year-ago OPM: +16.2%",
      "severity": "HIGH"
    },
    {
      "quarter": "2023-06 (Q2)",
      "signal": "FCF MARGIN EXPANSION",
      "detail": "FCF margin: -106.0% -> -54.9% (+51.1%)",
      "severity": "MEDIUM"
    },
    {
      "quarter": "2023-06 (Q2)",
      "signal": "YoY REVENUE GROWTH DECELERATION",
      "detail": "YoY growth: -3.3% vs prior quarter YoY: +7.1% (decel: -10.4%)",
      "severity": "WARNING"
    },
    {
      "quarter": "2023-06 (Q2)",
      "signal": "INCREMENTAL MARGIN (YoY)",
      "detail": "YoY Incr OPM: +575.0% vs year-ago OPM: +36.7%",
      "severity": "HIGH"
    },
    {
      "quarter": "2023-03 (Q1)",
      "signal": "OPERATING LEVERAGE",
      "detail": "Rev growth +13.2% vs OpEx growth +4.2% (leverage: 3.1x)",
      "severity": "MEDIUM"
    },
    {
      "quarter": "2023-03 (Q1)",
      "signal": "YoY REVENUE GROWTH DECELERATION",
      "detail": "YoY growth: +7.1% vs prior quarter YoY: +15.2% (decel: -8.0%)",
      "severity": "WARNING"
    },
    {
      "quarter": "2023-03 (Q1)",
      "signal": "OP MARGIN TURNED POSITIVE (QoQ)",
      "detail": "Op margin: -7.1% -> +1.0%",
      "severity": "HIGH"
    },
    {
      "quarter": "2022-09 (Q3)",
      "signal": "YoY REVENUE GROWTH DECELERATION",
      "detail": "YoY growth: +19.8% vs prior quarter YoY: +43.1% (decel: -23.2%)",
      "severity": "WARNING"
    },
    {
      "quarter": "2022-06 (Q2)",
      "signal": "FCF TURNED POSITIVE",
      "detail": "FCF margin: -123.5% -> +1.9%",
      "severity": "HIGH"
    },
    {
      "quarter": "2022-06 (Q2)",
      "signal": "OPERATING LEVERAGE",
      "detail": "Rev growth +28.8% vs OpEx growth +3.6% (leverage: 7.9x)",
      "severity": "MEDIUM"
    },
    {
      "quarter": "2022-06 (Q2)",
      "signal": "YoY REVENUE GROWTH ACCELERATION",
      "detail": "YoY growth: +43.1% vs prior quarter YoY: +14.2% (accel: +28.9%)",
      "severity": "HIGH"
    },
    {
      "quarter": "2022-06 (Q2)",
      "signal": "INCREMENTAL MARGIN (YoY)",
      "detail": "YoY Incr OPM: +57.8% vs year-ago OPM: +27.7%",
      "severity": "HIGH"
    },
    {
      "quarter": "2021-06 (Q2)",
      "signal": "FCF MARGIN EXPANSION",
      "detail": "FCF margin: +24.0% -> +73.1% (+49.1%)",
      "severity": "MEDIUM"
    }
  ],
  "data_quality": {
    "n_quarters": 20,
    "coverage": {
      "revenue": [
        20,
        20
      ],
      "gross_profit": [
        0,
        20
      ],
      "op_income": [
        20,
        20
      ],
      "fcf": [
        20,
        20
      ]
    },
    "gaps": [],
    "warnings": [
      "gross_profit: no data"
    ]
  },
  "market_cap": null,
  "source": "SEC EDGAR",
  "last_updated": "2026-02-24T10:33:28.184265"
}