{
  "ticker": "XNCR",
  "name": "Xencor, Inc",
  "quarters": [
    {
      "date": "2020-12-31T00:00:00",
      "quarter_label": "2020-12 (Q4)",
      "revenue": 41854000,
      "gross_profit": null,
      "operating_income": -13698000,
      "net_income": -13691000,
      "opex": 55552000,
      "cogs": null,
      "rd": 47949000,
      "sga": null,
      "fcf": 13935000,
      "ocf": 17084000,
      "capex": -3149000,
      "gross_margin": null,
      "op_margin": -0.32728054666220674,
      "fcf_margin": 0.3329430878769054
    },
    {
      "date": "2021-03-31T00:00:00",
      "quarter_label": "2021-03 (Q1)",
      "revenue": 33965000,
      "gross_profit": null,
      "operating_income": -15672000,
      "net_income": -2487000,
      "opex": 49637000,
      "cogs": null,
      "rd": 41411000,
      "sga": null,
      "fcf": -31917000,
      "ocf": -29966000,
      "capex": -1951000,
      "gross_margin": null,
      "op_margin": -0.4614161636979243,
      "fcf_margin": -0.9397026350655087,
      "fcf_margin_change": -1.2726457229424142
    },
    {
      "date": "2021-06-30T00:00:00",
      "quarter_label": "2021-06 (Q2)",
      "revenue": 67447000,
      "gross_profit": null,
      "operating_income": 9087000,
      "net_income": 52248000,
      "opex": 58360000,
      "cogs": null,
      "rd": 49497000,
      "sga": null,
      "fcf": -11937000,
      "ocf": -9654000,
      "capex": -2283000,
      "gross_margin": null,
      "op_margin": 0.1347280086586505,
      "fcf_margin": -0.1769834091953682,
      "op_leverage_ratio": 5.609438953678081,
      "fcf_margin_change": 0.7627192258701405
    },
    {
      "date": "2021-09-30T00:00:00",
      "quarter_label": "2021-09 (Q3)",
      "revenue": 19683000,
      "gross_profit": null,
      "operating_income": -41300000,
      "net_income": -40191000,
      "opex": 60983000,
      "cogs": null,
      "rd": 50610000,
      "sga": null,
      "fcf": -41768000,
      "ocf": -39023000,
      "capex": -2745000,
      "gross_margin": null,
      "op_margin": -2.0982573794645125,
      "fcf_margin": -2.1220342427475485,
      "fcf_margin_change": -1.9450508335521803
    },
    {
      "date": "2021-12-31T00:00:00",
      "quarter_label": "2021-12 (Q4)",
      "revenue": 154015000,
      "gross_profit": null,
      "operating_income": 91652000,
      "net_income": 73061000,
      "opex": 62363000,
      "cogs": null,
      "rd": 50988000,
      "sga": null,
      "fcf": 55470000,
      "ocf": 61790000,
      "capex": -6320000,
      "gross_margin": null,
      "op_margin": 0.5950848943284744,
      "fcf_margin": 0.3601597247021394,
      "incr_op_margin_yoy": 0.9392747924858017,
      "rev_growth_yoy": 2.6798155492903906,
      "op_leverage_ratio": 301.5906596363963,
      "fcf_margin_change": 2.482193967449688
    },
    {
      "date": "2022-03-31T00:00:00",
      "quarter_label": "2022-03 (Q1)",
      "revenue": 85495000,
      "gross_profit": null,
      "operating_income": 26466000,
      "net_income": 23594000,
      "opex": 59029000,
      "cogs": null,
      "rd": 47756000,
      "sga": null,
      "fcf": 3726000,
      "ocf": 5815000,
      "capex": -2089000,
      "gross_margin": null,
      "op_margin": 0.3095619626878765,
      "fcf_margin": 0.04358149599391777,
      "incr_op_margin_yoy": 0.8177372404424607,
      "rev_growth_yoy": 1.5171500073605182,
      "rev_growth_yoy_accel": -1.1626655419298724,
      "fcf_margin_change": -0.31657822870822167
    },
    {
      "date": "2022-06-30T00:00:00",
      "quarter_label": "2022-06 (Q2)",
      "revenue": 30175000,
      "gross_profit": null,
      "operating_income": -28000000,
      "net_income": -33975000,
      "opex": 58175000,
      "cogs": null,
      "rd": 47084000,
      "sga": null,
      "fcf": 31915000,
      "ocf": 44269000,
      "capex": -12354000,
      "gross_margin": null,
      "op_margin": -0.927920463960232,
      "fcf_margin": 1.0576636288318144,
      "incr_op_margin_yoy": 0.9950364885168491,
      "rev_growth_yoy": -0.5526116802822957,
      "rev_growth_yoy_accel": -2.069761687642814,
      "fcf_margin_change": 1.0140821328378966
    },
    {
      "date": "2022-09-30T00:00:00",
      "quarter_label": "2022-09 (Q3)",
      "revenue": 27299000,
      "gross_profit": null,
      "operating_income": -38348000,
      "net_income": -32759000,
      "opex": 65647000,
      "cogs": null,
      "rd": 53273000,
      "sga": null,
      "fcf": -15253000,
      "ocf": -1168000,
      "capex": -14085000,
      "gross_margin": null,
      "op_margin": -1.4047401003699769,
      "fcf_margin": -0.5587384153265688,
      "incr_op_margin_yoy": 0.38760504201680673,
      "rev_growth_yoy": 0.3869328862470152,
      "rev_growth_yoy_accel": 0.939544566529311,
      "fcf_margin_change": -1.616402044158383
    },
    {
      "date": "2022-12-31T00:00:00",
      "quarter_label": "2022-12 (Q4)",
      "revenue": 21610000,
      "gross_profit": null,
      "operating_income": -42593000,
      "net_income": -12042000,
      "opex": 64203000,
      "cogs": null,
      "rd": 51452000,
      "sga": null,
      "fcf": -34397000,
      "ocf": -24431000,
      "capex": -9966000,
      "gross_margin": null,
      "op_margin": -1.9709856547894493,
      "fcf_margin": -1.591716797778806,
      "incr_op_margin_yoy": 1.0138967561647974,
      "rev_growth_yoy": -0.8596889913320132,
      "rev_growth_yoy_accel": -1.2466218775790283,
      "fcf_margin_change": -1.0329783824522374
    },
    {
      "date": "2023-03-31T00:00:00",
      "quarter_label": "2023-03 (Q1)",
      "revenue": 18962000,
      "gross_profit": null,
      "operating_income": -59365000,
      "net_income": -60763000,
      "opex": 78327000,
      "cogs": null,
      "rd": 64379000,
      "sga": null,
      "fcf": -41397000,
      "ocf": -30614000,
      "capex": -10783000,
      "gross_margin": null,
      "op_margin": -3.1307351545195656,
      "fcf_margin": -2.18315578525472,
      "incr_op_margin_yoy": 1.2900515533644958,
      "rev_growth_yoy": -0.7782092520030411,
      "rev_growth_yoy_accel": 0.08147973932897201,
      "fcf_margin_change": -0.5914389874759141
    },
    {
      "date": "2023-06-30T00:00:00",
      "quarter_label": "2023-06 (Q2)",
      "revenue": 45523000,
      "gross_profit": null,
      "operating_income": -25997000,
      "net_income": -21954000,
      "opex": 71520000,
      "cogs": null,
      "rd": 60060000,
      "sga": null,
      "fcf": -42053000,
      "ocf": -38200000,
      "capex": -3853000,
      "gross_margin": null,
      "op_margin": -0.5710739626123059,
      "fcf_margin": -0.9237747951584913,
      "incr_op_margin_yoy": 0.13050560333593952,
      "rev_growth_yoy": 0.5086329743164871,
      "rev_growth_yoy_accel": 1.2868422263195283,
      "op_leverage_ratio": Infinity,
      "fcf_margin_change": 1.2593809900962287
    },
    {
      "date": "2023-09-30T00:00:00",
      "quarter_label": "2023-09 (Q3)",
      "revenue": 59164000,
      "gross_profit": null,
      "operating_income": -18268000,
      "net_income": -24269000,
      "opex": 77432000,
      "cogs": null,
      "rd": 64939000,
      "sga": null,
      "fcf": -30113000,
      "ocf": -27281000,
      "capex": -2832000,
      "gross_margin": null,
      "op_margin": -0.3087688459198161,
      "fcf_margin": -0.5089750523967277,
      "incr_op_margin_yoy": 0.6301584810921074,
      "rev_growth_yoy": 1.1672588739514267,
      "rev_growth_yoy_accel": 0.6586258996349396,
      "op_leverage_ratio": 3.6250033700937867,
      "fcf_margin_change": 0.41479974276176357
    },
    {
      "date": "2023-12-31T00:00:00",
      "quarter_label": "2023-12 (Q4)",
      "revenue": 44689000,
      "gross_profit": null,
      "operating_income": -35009000,
      "net_income": -19101000,
      "opex": 79698000,
      "cogs": null,
      "rd": 64220000,
      "sga": null,
      "fcf": 17189000,
      "ocf": 18169000,
      "capex": -980000,
      "gross_margin": null,
      "op_margin": -0.783391886146479,
      "fcf_margin": 0.3846360401888608,
      "incr_op_margin_yoy": 0.3286104250617444,
      "rev_growth_yoy": 1.0679777880610828,
      "rev_growth_yoy_accel": -0.0992810858903439,
      "fcf_margin_change": 0.8936110925855885
    },
    {
      "date": "2024-03-31T00:00:00",
      "quarter_label": "2024-03 (Q1)",
      "revenue": 12805000,
      "gross_profit": null,
      "operating_income": -57855000,
      "net_income": -68033000,
      "opex": 70660000,
      "cogs": null,
      "rd": 56873000,
      "sga": null,
      "fcf": -56991000,
      "ocf": -56859000,
      "capex": -132000,
      "gross_margin": null,
      "op_margin": -4.51815696993362,
      "fcf_margin": -4.450683326825459,
      "incr_op_margin_yoy": -0.24524930972876402,
      "rev_growth_yoy": -0.32470203565024786,
      "rev_growth_yoy_accel": -1.3926798237113307,
      "fcf_margin_change": -4.8353193670143195
    },
    {
      "date": "2024-06-30T00:00:00",
      "quarter_label": "2024-06 (Q2)",
      "revenue": 16960000,
      "gross_profit": null,
      "operating_income": -62317000,
      "net_income": -65963000,
      "opex": 79277000,
      "cogs": null,
      "rd": 61531000,
      "sga": null,
      "fcf": -70376000,
      "ocf": -67350000,
      "capex": -3026000,
      "gross_margin": null,
      "op_margin": -3.6743514150943395,
      "fcf_margin": -4.149528301886792,
      "incr_op_margin_yoy": 1.2715751146588243,
      "rev_growth_yoy": -0.6274410737429431,
      "rev_growth_yoy_accel": -0.30273903809269526,
      "op_leverage_ratio": 2.6607801102557955,
      "fcf_margin_change": 0.30115502493866675
    },
    {
      "date": "2024-09-30T00:00:00",
      "quarter_label": "2024-09 (Q3)",
      "revenue": 10710000,
      "gross_profit": null,
      "operating_income": -62283000,
      "net_income": -45143000,
      "opex": 72993000,
      "cogs": null,
      "rd": 58226000,
      "sga": null,
      "fcf": -29417000,
      "ocf": -28142000,
      "capex": -1275000,
      "gross_margin": null,
      "op_margin": -5.815406162464986,
      "fcf_margin": -2.746685340802988,
      "incr_op_margin_yoy": 0.9083873364428118,
      "rev_growth_yoy": -0.8189777567439659,
      "rev_growth_yoy_accel": -0.19153668300102278,
      "fcf_margin_change": 1.4028429610838042
    },
    {
      "date": "2024-12-31T00:00:00",
      "quarter_label": "2024-12 (Q4)",
      "revenue": 70018000,
      "gross_profit": null,
      "operating_income": 4047000,
      "net_income": -53479000,
      "opex": 65971000,
      "cogs": null,
      "rd": 51056000,
      "sga": null,
      "fcf": -51501000,
      "ocf": -49837000,
      "capex": -1664000,
      "gross_margin": null,
      "op_margin": 0.05779942300551287,
      "fcf_margin": -0.7355394327173013,
      "incr_op_margin_yoy": 1.5419479647834498,
      "rev_growth_yoy": 0.566783772292958,
      "rev_growth_yoy_accel": 1.3857615290369238,
      "op_leverage_ratio": Infinity,
      "fcf_margin_change": 2.0111459080856866
    },
    {
      "date": "2025-03-31T00:00:00",
      "quarter_label": "2025-03 (Q1)",
      "revenue": 32732000,
      "gross_profit": null,
      "operating_income": -43183000,
      "net_income": -48418000,
      "opex": 75915000,
      "cogs": null,
      "rd": 58578000,
      "sga": null,
      "fcf": -17664000,
      "ocf": -16220000,
      "capex": -1444000,
      "gross_margin": null,
      "op_margin": -1.3192899914456802,
      "fcf_margin": -0.5396553831113283,
      "incr_op_margin_yoy": 0.7362874491895418,
      "rev_growth_yoy": 1.5561889886762983,
      "rev_growth_yoy_accel": 0.9894052163833403,
      "fcf_margin_change": 0.19588404960597294
    },
    {
      "date": "2025-06-30T00:00:00",
      "quarter_label": "2025-06 (Q2)",
      "revenue": 43608000,
      "gross_profit": null,
      "operating_income": -33172000,
      "net_income": -30825000,
      "opex": 76780000,
      "cogs": null,
      "rd": 61665000,
      "sga": null,
      "fcf": -36752000,
      "ocf": -36369000,
      "capex": -383000,
      "gross_margin": null,
      "op_margin": -0.7606861126398826,
      "fcf_margin": -0.8427811410750321,
      "incr_op_margin_yoy": 1.0937030921645152,
      "rev_growth_yoy": 1.5712264150943396,
      "rev_growth_yoy_accel": 0.015037426418041289,
      "op_leverage_ratio": 29.161384909784065,
      "fcf_margin_change": -0.3031257579637038
    },
    {
      "date": "2025-09-30T00:00:00",
      "quarter_label": "2025-09 (Q3)",
      "revenue": 20999000,
      "gross_profit": null,
      "operating_income": -47519000,
      "net_income": -6027000,
      "opex": 68518000,
      "cogs": null,
      "rd": 54367000,
      "sga": null,
      "fcf": -31000000,
      "ocf": -30817000,
      "capex": -183000,
      "gross_margin": null,
      "op_margin": -2.2629172817753225,
      "fcf_margin": -1.4762607743225868,
      "incr_op_margin_yoy": 1.4349305083098454,
      "rev_growth_yoy": 0.9606909430438842,
      "rev_growth_yoy_accel": -0.6105354720504553,
      "fcf_margin_change": -0.6334796332475547
    }
  ],
  "signals": [
    {
      "quarter": "2025-09 (Q3)",
      "signal": "YoY REVENUE GROWTH DECELERATION",
      "detail": "YoY growth: +96.1% vs prior quarter YoY: +157.1% (decel: -61.1%)",
      "severity": "WARNING"
    },
    {
      "quarter": "2025-06 (Q2)",
      "signal": "OPERATING LEVERAGE",
      "detail": "Rev growth +33.2% vs OpEx growth +1.1% (leverage: 29.2x)",
      "severity": "MEDIUM"
    },
    {
      "quarter": "2025-03 (Q1)",
      "signal": "FCF MARGIN EXPANSION",
      "detail": "FCF margin: -73.6% -> -54.0% (+19.6%)",
      "severity": "MEDIUM"
    },
    {
      "quarter": "2025-03 (Q1)",
      "signal": "YoY REVENUE GROWTH ACCELERATION",
      "detail": "YoY growth: +155.6% vs prior quarter YoY: +56.7% (accel: +98.9%)",
      "severity": "HIGH"
    },
    {
      "quarter": "2024-12 (Q4)",
      "signal": "FCF MARGIN EXPANSION",
      "detail": "FCF margin: -274.7% -> -73.6% (+201.1%)",
      "severity": "MEDIUM"
    },
    {
      "quarter": "2024-12 (Q4)",
      "signal": "YoY REVENUE GROWTH ACCELERATION",
      "detail": "YoY growth: +56.7% vs prior quarter YoY: -81.9% (accel: +138.6%)",
      "severity": "HIGH"
    },
    {
      "quarter": "2024-12 (Q4)",
      "signal": "OP MARGIN TURNED POSITIVE (YoY)",
      "detail": "Op margin: -78.3% (year-ago) -> +5.8%",
      "severity": "HIGH"
    },
    {
      "quarter": "2024-12 (Q4)",
      "signal": "OP MARGIN TURNED POSITIVE (QoQ)",
      "detail": "Op margin: -581.5% -> +5.8%",
      "severity": "HIGH"
    },
    {
      "quarter": "2024-09 (Q3)",
      "signal": "FCF MARGIN EXPANSION",
      "detail": "FCF margin: -415.0% -> -274.7% (+140.3%)",
      "severity": "MEDIUM"
    },
    {
      "quarter": "2024-09 (Q3)",
      "signal": "YoY REVENUE GROWTH DECELERATION",
      "detail": "YoY growth: -81.9% vs prior quarter YoY: -62.7% (decel: -19.2%)",
      "severity": "WARNING"
    },
    {
      "quarter": "2024-06 (Q2)",
      "signal": "FCF MARGIN EXPANSION",
      "detail": "FCF margin: -445.1% -> -415.0% (+30.1%)",
      "severity": "MEDIUM"
    },
    {
      "quarter": "2024-06 (Q2)",
      "signal": "OPERATING LEVERAGE",
      "detail": "Rev growth +32.4% vs OpEx growth +12.2% (leverage: 2.7x)",
      "severity": "MEDIUM"
    },
    {
      "quarter": "2024-06 (Q2)",
      "signal": "YoY REVENUE GROWTH DECELERATION",
      "detail": "YoY growth: -62.7% vs prior quarter YoY: -32.5% (decel: -30.3%)",
      "severity": "WARNING"
    },
    {
      "quarter": "2024-03 (Q1)",
      "signal": "YoY REVENUE GROWTH DECELERATION",
      "detail": "YoY growth: -32.5% vs prior quarter YoY: +106.8% (decel: -139.3%)",
      "severity": "WARNING"
    },
    {
      "quarter": "2023-12 (Q4)",
      "signal": "FCF TURNED POSITIVE",
      "detail": "FCF margin: -50.9% -> +38.5%",
      "severity": "HIGH"
    },
    {
      "quarter": "2023-12 (Q4)",
      "signal": "YoY REVENUE GROWTH DECELERATION",
      "detail": "YoY growth: +106.8% vs prior quarter YoY: +116.7% (decel: -9.9%)",
      "severity": "WARNING"
    },
    {
      "quarter": "2023-09 (Q3)",
      "signal": "FCF MARGIN EXPANSION",
      "detail": "FCF margin: -92.4% -> -50.9% (+41.5%)",
      "severity": "MEDIUM"
    },
    {
      "quarter": "2023-09 (Q3)",
      "signal": "OPERATING LEVERAGE",
      "detail": "Rev growth +30.0% vs OpEx growth +8.3% (leverage: 3.6x)",
      "severity": "MEDIUM"
    },
    {
      "quarter": "2023-09 (Q3)",
      "signal": "YoY REVENUE GROWTH ACCELERATION",
      "detail": "YoY growth: +116.7% vs prior quarter YoY: +50.9% (accel: +65.9%)",
      "severity": "HIGH"
    },
    {
      "quarter": "2023-06 (Q2)",
      "signal": "FCF MARGIN EXPANSION",
      "detail": "FCF margin: -218.3% -> -92.4% (+125.9%)",
      "severity": "MEDIUM"
    },
    {
      "quarter": "2023-06 (Q2)",
      "signal": "YoY REVENUE GROWTH ACCELERATION",
      "detail": "YoY growth: +50.9% vs prior quarter YoY: -77.8% (accel: +128.7%)",
      "severity": "HIGH"
    },
    {
      "quarter": "2023-03 (Q1)",
      "signal": "YoY REVENUE GROWTH ACCELERATION",
      "detail": "YoY growth: -77.8% vs prior quarter YoY: -86.0% (accel: +8.1%)",
      "severity": "MEDIUM"
    },
    {
      "quarter": "2022-12 (Q4)",
      "signal": "YoY REVENUE GROWTH DECELERATION",
      "detail": "YoY growth: -86.0% vs prior quarter YoY: +38.7% (decel: -124.7%)",
      "severity": "WARNING"
    },
    {
      "quarter": "2022-09 (Q3)",
      "signal": "YoY REVENUE GROWTH ACCELERATION",
      "detail": "YoY growth: +38.7% vs prior quarter YoY: -55.3% (accel: +94.0%)",
      "severity": "HIGH"
    },
    {
      "quarter": "2022-06 (Q2)",
      "signal": "FCF MARGIN EXPANSION",
      "detail": "FCF margin: +4.4% -> +105.8% (+101.4%)",
      "severity": "MEDIUM"
    },
    {
      "quarter": "2022-06 (Q2)",
      "signal": "YoY REVENUE GROWTH DECELERATION",
      "detail": "YoY growth: -55.3% vs prior quarter YoY: +151.7% (decel: -207.0%)",
      "severity": "WARNING"
    },
    {
      "quarter": "2022-03 (Q1)",
      "signal": "YoY REVENUE GROWTH DECELERATION",
      "detail": "YoY growth: +151.7% vs prior quarter YoY: +268.0% (decel: -116.3%)",
      "severity": "WARNING"
    },
    {
      "quarter": "2022-03 (Q1)",
      "signal": "OP MARGIN TURNED POSITIVE (YoY)",
      "detail": "Op margin: -46.1% (year-ago) -> +31.0%",
      "severity": "HIGH"
    },
    {
      "quarter": "2021-12 (Q4)",
      "signal": "FCF TURNED POSITIVE",
      "detail": "FCF margin: -212.2% -> +36.0%",
      "severity": "HIGH"
    },
    {
      "quarter": "2021-12 (Q4)",
      "signal": "OPERATING LEVERAGE",
      "detail": "Rev growth +682.5% vs OpEx growth +2.3% (leverage: 301.6x)",
      "severity": "MEDIUM"
    },
    {
      "quarter": "2021-12 (Q4)",
      "signal": "OP MARGIN TURNED POSITIVE (YoY)",
      "detail": "Op margin: -32.7% (year-ago) -> +59.5%",
      "severity": "HIGH"
    },
    {
      "quarter": "2021-12 (Q4)",
      "signal": "OP MARGIN TURNED POSITIVE (QoQ)",
      "detail": "Op margin: -209.8% -> +59.5%",
      "severity": "HIGH"
    },
    {
      "quarter": "2021-06 (Q2)",
      "signal": "FCF MARGIN EXPANSION",
      "detail": "FCF margin: -94.0% -> -17.7% (+76.3%)",
      "severity": "MEDIUM"
    },
    {
      "quarter": "2021-06 (Q2)",
      "signal": "OPERATING LEVERAGE",
      "detail": "Rev growth +98.6% vs OpEx growth +17.6% (leverage: 5.6x)",
      "severity": "MEDIUM"
    },
    {
      "quarter": "2021-06 (Q2)",
      "signal": "OP MARGIN TURNED POSITIVE (QoQ)",
      "detail": "Op margin: -46.1% -> +13.5%",
      "severity": "HIGH"
    }
  ],
  "data_quality": {
    "n_quarters": 20,
    "coverage": {
      "revenue": [
        20,
        20
      ],
      "gross_profit": [
        0,
        20
      ],
      "op_income": [
        20,
        20
      ],
      "fcf": [
        20,
        20
      ]
    },
    "gaps": [],
    "warnings": [
      "gross_profit: no data"
    ]
  },
  "market_cap": null,
  "source": "SEC EDGAR",
  "last_updated": "2026-02-02T22:03:06.476856"
}