{
  "ticker": "XOM",
  "name": "Exxon Mobil Corporation",
  "quarters": [
    {
      "date": "2020-12-31T00:00:00",
      "quarter_label": "2020-12 (Q4)",
      "revenue": 46540000000,
      "gross_profit": null,
      "operating_income": null,
      "net_income": -20070000000,
      "opex": 73153000000,
      "cogs": null,
      "rd": null,
      "sga": 2736000000,
      "fcf": 376000000,
      "ocf": 4005000000,
      "capex": -3629000000,
      "gross_margin": null,
      "op_margin": null,
      "fcf_margin": 0.008079071766222605
    },
    {
      "date": "2021-03-31T00:00:00",
      "quarter_label": "2021-03 (Q1)",
      "revenue": 59147000000,
      "gross_profit": null,
      "operating_income": null,
      "net_income": 2730000000,
      "opex": 55555000000,
      "cogs": null,
      "rd": null,
      "sga": 2428000000,
      "fcf": 6864000000,
      "ocf": 9264000000,
      "capex": -2400000000,
      "gross_margin": null,
      "op_margin": null,
      "fcf_margin": 0.11604984191928584,
      "op_leverage_ratio": Infinity,
      "fcf_margin_change": 0.10797077015306324
    },
    {
      "date": "2021-06-30T00:00:00",
      "quarter_label": "2021-06 (Q2)",
      "revenue": 67742000000,
      "gross_profit": null,
      "operating_income": null,
      "net_income": 4690000000,
      "opex": 61435000000,
      "cogs": null,
      "rd": null,
      "sga": 2345000000,
      "fcf": 6903000000,
      "ocf": 9650000000,
      "capex": -2747000000,
      "gross_margin": null,
      "op_margin": null,
      "fcf_margin": 0.10190133152254141,
      "op_leverage_ratio": 1.3729634794388108,
      "fcf_margin_change": -0.014148510396744432
    },
    {
      "date": "2021-09-30T00:00:00",
      "quarter_label": "2021-09 (Q3)",
      "revenue": 73786000000,
      "gross_profit": null,
      "operating_income": null,
      "net_income": 6750000000,
      "opex": 64180000000,
      "cogs": null,
      "rd": null,
      "sga": 2287000000,
      "fcf": 9251000000,
      "ocf": 12091000000,
      "capex": -2840000000,
      "gross_margin": null,
      "op_margin": null,
      "fcf_margin": 0.12537608760469465,
      "op_leverage_ratio": 1.9968247683983038,
      "fcf_margin_change": 0.023474756082153242
    },
    {
      "date": "2021-12-31T00:00:00",
      "quarter_label": "2021-12 (Q4)",
      "revenue": 84965000000,
      "gross_profit": null,
      "operating_income": null,
      "net_income": 8870000000,
      "opex": 73236000000,
      "cogs": null,
      "rd": null,
      "sga": 2514000000,
      "fcf": 13035000000,
      "ocf": 17124000000,
      "capex": -4089000000,
      "gross_margin": null,
      "op_margin": null,
      "fcf_margin": 0.15341611251691872,
      "rev_growth_yoy": 0.8256338633433605,
      "op_leverage_ratio": 1.0737230776443654,
      "fcf_margin_change": 0.02804002491222407
    },
    {
      "date": "2022-03-31T00:00:00",
      "quarter_label": "2022-03 (Q1)",
      "revenue": 90500000000,
      "gross_profit": null,
      "operating_income": null,
      "net_income": 5480000000,
      "opex": 81944000000,
      "cogs": null,
      "rd": null,
      "sga": 2409000000,
      "fcf": 10877000000,
      "ocf": 14788000000,
      "capex": -3911000000,
      "gross_margin": null,
      "op_margin": null,
      "fcf_margin": 0.1201878453038674,
      "rev_growth_yoy": 0.5300860567738008,
      "rev_growth_yoy_accel": -0.2955478065695597,
      "op_leverage_ratio": 0.5478778705414679,
      "fcf_margin_change": -0.03322826721305132
    },
    {
      "date": "2022-06-30T00:00:00",
      "quarter_label": "2022-06 (Q2)",
      "revenue": 115681000000,
      "gross_profit": null,
      "operating_income": null,
      "net_income": 17850000000,
      "opex": 90748000000,
      "cogs": null,
      "rd": null,
      "sga": 2530000000,
      "fcf": 16126000000,
      "ocf": 19963000000,
      "capex": -3837000000,
      "gross_margin": null,
      "op_margin": null,
      "fcf_margin": 0.1394005930100881,
      "rev_growth_yoy": 0.7076702784092587,
      "rev_growth_yoy_accel": 0.17758422163545784,
      "op_leverage_ratio": 2.5897719318943424,
      "fcf_margin_change": 0.01921274770622068
    },
    {
      "date": "2022-09-30T00:00:00",
      "quarter_label": "2022-09 (Q3)",
      "revenue": 112070000000,
      "gross_profit": null,
      "operating_income": null,
      "net_income": 19660000000,
      "opex": 86648000000,
      "cogs": null,
      "rd": null,
      "sga": 2324000000,
      "fcf": 19549000000,
      "ocf": 24425000000,
      "capex": -4876000000,
      "gross_margin": null,
      "op_margin": null,
      "fcf_margin": 0.17443562059427145,
      "rev_growth_yoy": 0.518851814707397,
      "rev_growth_yoy_accel": -0.18881846370186162,
      "fcf_margin_change": 0.035035027584183365
    },
    {
      "date": "2022-12-31T00:00:00",
      "quarter_label": "2022-12 (Q4)",
      "revenue": 95429000000,
      "gross_profit": null,
      "operating_income": null,
      "net_income": 12750000000,
      "opex": 76587000000,
      "cogs": null,
      "rd": null,
      "sga": 2832000000,
      "fcf": 11838000000,
      "ocf": 17621000000,
      "capex": -5783000000,
      "gross_margin": null,
      "op_margin": null,
      "fcf_margin": 0.12405034109128252,
      "rev_growth_yoy": 0.12315659389160243,
      "rev_growth_yoy_accel": -0.3956952208157946,
      "fcf_margin_change": -0.05038527950298893
    },
    {
      "date": "2023-03-31T00:00:00",
      "quarter_label": "2023-03 (Q1)",
      "revenue": 86564000000,
      "gross_profit": null,
      "operating_income": null,
      "net_income": 11430000000,
      "opex": 69761000000,
      "cogs": null,
      "rd": null,
      "sga": 2390000000,
      "fcf": 10929000000,
      "ocf": 16341000000,
      "capex": -5412000000,
      "gross_margin": null,
      "op_margin": null,
      "fcf_margin": 0.1262534078831847,
      "rev_growth_yoy": -0.04349171270718232,
      "rev_growth_yoy_accel": -0.16664830659878474,
      "fcf_margin_change": 0.0022030667919021862
    },
    {
      "date": "2023-06-30T00:00:00",
      "quarter_label": "2023-06 (Q2)",
      "revenue": 82914000000,
      "gross_profit": null,
      "operating_income": null,
      "net_income": 7880000000,
      "opex": 71258000000,
      "cogs": null,
      "rd": null,
      "sga": 2449000000,
      "fcf": 4024000000,
      "ocf": 9383000000,
      "capex": -5359000000,
      "gross_margin": null,
      "op_margin": null,
      "fcf_margin": 0.04853221410135803,
      "rev_growth_yoy": -0.28325308391179194,
      "rev_growth_yoy_accel": -0.2397613712046096,
      "fcf_margin_change": -0.07772119378182668
    },
    {
      "date": "2023-09-30T00:00:00",
      "quarter_label": "2023-09 (Q3)",
      "revenue": 90760000000,
      "gross_profit": null,
      "operating_income": null,
      "net_income": 9070000000,
      "opex": 77061000000,
      "cogs": null,
      "rd": null,
      "sga": 2489000000,
      "fcf": 11043000000,
      "ocf": 15963000000,
      "capex": -4920000000,
      "gross_margin": null,
      "op_margin": null,
      "fcf_margin": 0.12167254297047157,
      "rev_growth_yoy": -0.19014901400910145,
      "rev_growth_yoy_accel": 0.09310406990269049,
      "op_leverage_ratio": 1.1619876034402599,
      "fcf_margin_change": 0.07314032886911354
    },
    {
      "date": "2023-12-31T00:00:00",
      "quarter_label": "2023-12 (Q4)",
      "revenue": 84344000000,
      "gross_profit": null,
      "operating_income": null,
      "net_income": 7630000000,
      "opex": 73719000000,
      "cogs": null,
      "rd": null,
      "sga": 2591000000,
      "fcf": 7454000000,
      "ocf": 13682000000,
      "capex": -6228000000,
      "gross_margin": null,
      "op_margin": null,
      "fcf_margin": 0.08837617376458314,
      "rev_growth_yoy": -0.11615965796560794,
      "rev_growth_yoy_accel": 0.0739893560434935,
      "fcf_margin_change": -0.03329636920588844
    },
    {
      "date": "2024-03-31T00:00:00",
      "quarter_label": "2024-03 (Q1)",
      "revenue": 83083000000,
      "gross_profit": null,
      "operating_income": null,
      "net_income": 8220000000,
      "opex": 70714000000,
      "cogs": null,
      "rd": null,
      "sga": 2495000000,
      "fcf": 9590000000,
      "ocf": 14664000000,
      "capex": -5074000000,
      "gross_margin": null,
      "op_margin": null,
      "fcf_margin": 0.11542674193276603,
      "rev_growth_yoy": -0.04021302157940945,
      "rev_growth_yoy_accel": 0.07594663638619849,
      "fcf_margin_change": 0.027050568168182895
    },
    {
      "date": "2024-06-30T00:00:00",
      "quarter_label": "2024-06 (Q2)",
      "revenue": 93060000000,
      "gross_profit": null,
      "operating_income": null,
      "net_income": 9240000000,
      "opex": 79395000000,
      "cogs": null,
      "rd": null,
      "sga": 2568000000,
      "fcf": 4325000000,
      "ocf": 10560000000,
      "capex": -6235000000,
      "gross_margin": null,
      "op_margin": null,
      "fcf_margin": 0.04647539222007307,
      "rev_growth_yoy": 0.12236775454084955,
      "rev_growth_yoy_accel": 0.162580776120259,
      "op_leverage_ratio": 0.9781905216499255,
      "fcf_margin_change": -0.06895134971269296
    },
    {
      "date": "2024-09-30T00:00:00",
      "quarter_label": "2024-09 (Q3)",
      "revenue": 90016000000,
      "gross_profit": null,
      "operating_income": null,
      "net_income": 8610000000,
      "opex": 76990000000,
      "cogs": null,
      "rd": null,
      "sga": 2296000000,
      "fcf": 11409000000,
      "ocf": 17569000000,
      "capex": -6160000000,
      "gross_margin": null,
      "op_margin": null,
      "fcf_margin": 0.1267441343761109,
      "rev_growth_yoy": -0.008197443807844866,
      "rev_growth_yoy_accel": -0.13056519834869443,
      "fcf_margin_change": 0.08026874215603783
    },
    {
      "date": "2024-12-31T00:00:00",
      "quarter_label": "2024-12 (Q4)",
      "revenue": 83426000000,
      "gross_profit": null,
      "operating_income": null,
      "net_income": 7610000000,
      "opex": 73613000000,
      "cogs": null,
      "rd": null,
      "sga": 2617000000,
      "fcf": 5392000000,
      "ocf": 12229000000,
      "capex": -6837000000,
      "gross_margin": null,
      "op_margin": null,
      "fcf_margin": 0.06463212907247141,
      "rev_growth_yoy": -0.01088399886180404,
      "rev_growth_yoy_accel": -0.002686555053959174,
      "fcf_margin_change": -0.062112005303639486
    },
    {
      "date": "2025-03-31T00:00:00",
      "quarter_label": "2025-03 (Q1)",
      "revenue": 83130000000,
      "gross_profit": null,
      "operating_income": null,
      "net_income": 7713000000,
      "opex": 71530000000,
      "cogs": null,
      "rd": null,
      "sga": 2540000000,
      "fcf": 7055000000,
      "ocf": 12953000000,
      "capex": -5898000000,
      "gross_margin": null,
      "op_margin": null,
      "fcf_margin": 0.08486707566462168,
      "rev_growth_yoy": 0.0005656993608800838,
      "rev_growth_yoy_accel": 0.011449698222684124,
      "fcf_margin_change": 0.020234946592150263
    },
    {
      "date": "2025-06-30T00:00:00",
      "quarter_label": "2025-06 (Q2)",
      "revenue": 81506000000,
      "gross_profit": null,
      "operating_income": null,
      "net_income": 7082000000,
      "opex": 70801000000,
      "cogs": null,
      "rd": null,
      "sga": 2528000000,
      "fcf": 5267000000,
      "ocf": 11550000000,
      "capex": -6283000000,
      "gross_margin": null,
      "op_margin": null,
      "fcf_margin": 0.06462100949623341,
      "rev_growth_yoy": -0.12415645819901139,
      "rev_growth_yoy_accel": -0.12472215755989147,
      "fcf_margin_change": -0.02024606616838827
    },
    {
      "date": "2025-09-30T00:00:00",
      "quarter_label": "2025-09 (Q3)",
      "revenue": 85294000000,
      "gross_profit": null,
      "operating_income": null,
      "net_income": 7548000000,
      "opex": 74362000000,
      "cogs": null,
      "rd": null,
      "sga": 3032000000,
      "fcf": 6061000000,
      "ocf": 14788000000,
      "capex": -8727000000,
      "gross_margin": null,
      "op_margin": null,
      "fcf_margin": 0.07106009801392829,
      "rev_growth_yoy": -0.05245734091717028,
      "rev_growth_yoy_accel": 0.07169911728184111,
      "op_leverage_ratio": 0.924033695284693,
      "fcf_margin_change": 0.0064390885176948826
    }
  ],
  "signals": [
    {
      "quarter": "2025-09 (Q3)",
      "signal": "YoY REVENUE GROWTH ACCELERATION",
      "detail": "YoY growth: -5.2% vs prior quarter YoY: -12.4% (accel: +7.2%)",
      "severity": "MEDIUM"
    },
    {
      "quarter": "2025-06 (Q2)",
      "signal": "YoY REVENUE GROWTH DECELERATION",
      "detail": "YoY growth: -12.4% vs prior quarter YoY: +0.1% (decel: -12.5%)",
      "severity": "WARNING"
    },
    {
      "quarter": "2024-09 (Q3)",
      "signal": "FCF MARGIN EXPANSION",
      "detail": "FCF margin: +4.6% -> +12.7% (+8.0%)",
      "severity": "MEDIUM"
    },
    {
      "quarter": "2024-09 (Q3)",
      "signal": "YoY REVENUE GROWTH DECELERATION",
      "detail": "YoY growth: -0.8% vs prior quarter YoY: +12.2% (decel: -13.1%)",
      "severity": "WARNING"
    },
    {
      "quarter": "2024-06 (Q2)",
      "signal": "YoY REVENUE GROWTH ACCELERATION",
      "detail": "YoY growth: +12.2% vs prior quarter YoY: -4.0% (accel: +16.3%)",
      "severity": "HIGH"
    },
    {
      "quarter": "2024-03 (Q1)",
      "signal": "YoY REVENUE GROWTH ACCELERATION",
      "detail": "YoY growth: -4.0% vs prior quarter YoY: -11.6% (accel: +7.6%)",
      "severity": "MEDIUM"
    },
    {
      "quarter": "2023-12 (Q4)",
      "signal": "YoY REVENUE GROWTH ACCELERATION",
      "detail": "YoY growth: -11.6% vs prior quarter YoY: -19.0% (accel: +7.4%)",
      "severity": "MEDIUM"
    },
    {
      "quarter": "2023-09 (Q3)",
      "signal": "FCF MARGIN EXPANSION",
      "detail": "FCF margin: +4.9% -> +12.2% (+7.3%)",
      "severity": "MEDIUM"
    },
    {
      "quarter": "2023-09 (Q3)",
      "signal": "YoY REVENUE GROWTH ACCELERATION",
      "detail": "YoY growth: -19.0% vs prior quarter YoY: -28.3% (accel: +9.3%)",
      "severity": "MEDIUM"
    },
    {
      "quarter": "2023-06 (Q2)",
      "signal": "YoY REVENUE GROWTH DECELERATION",
      "detail": "YoY growth: -28.3% vs prior quarter YoY: -4.3% (decel: -24.0%)",
      "severity": "WARNING"
    },
    {
      "quarter": "2023-03 (Q1)",
      "signal": "YoY REVENUE GROWTH DECELERATION",
      "detail": "YoY growth: -4.3% vs prior quarter YoY: +12.3% (decel: -16.7%)",
      "severity": "WARNING"
    },
    {
      "quarter": "2022-12 (Q4)",
      "signal": "YoY REVENUE GROWTH DECELERATION",
      "detail": "YoY growth: +12.3% vs prior quarter YoY: +51.9% (decel: -39.6%)",
      "severity": "WARNING"
    },
    {
      "quarter": "2022-09 (Q3)",
      "signal": "YoY REVENUE GROWTH DECELERATION",
      "detail": "YoY growth: +51.9% vs prior quarter YoY: +70.8% (decel: -18.9%)",
      "severity": "WARNING"
    },
    {
      "quarter": "2022-06 (Q2)",
      "signal": "OPERATING LEVERAGE",
      "detail": "Rev growth +27.8% vs OpEx growth +10.7% (leverage: 2.6x)",
      "severity": "MEDIUM"
    },
    {
      "quarter": "2022-06 (Q2)",
      "signal": "YoY REVENUE GROWTH ACCELERATION",
      "detail": "YoY growth: +70.8% vs prior quarter YoY: +53.0% (accel: +17.8%)",
      "severity": "HIGH"
    },
    {
      "quarter": "2022-03 (Q1)",
      "signal": "YoY REVENUE GROWTH DECELERATION",
      "detail": "YoY growth: +53.0% vs prior quarter YoY: +82.6% (decel: -29.6%)",
      "severity": "WARNING"
    },
    {
      "quarter": "2021-09 (Q3)",
      "signal": "OPERATING LEVERAGE",
      "detail": "Rev growth +8.9% vs OpEx growth +4.5% (leverage: 2.0x)",
      "severity": "MEDIUM"
    },
    {
      "quarter": "2021-03 (Q1)",
      "signal": "FCF MARGIN EXPANSION",
      "detail": "FCF margin: +0.8% -> +11.6% (+10.8%)",
      "severity": "MEDIUM"
    }
  ],
  "data_quality": {
    "n_quarters": 20,
    "coverage": {
      "revenue": [
        20,
        20
      ],
      "gross_profit": [
        0,
        20
      ],
      "op_income": [
        0,
        20
      ],
      "fcf": [
        20,
        20
      ]
    },
    "gaps": [],
    "warnings": [
      "gross_profit: no data",
      "op_income: no data"
    ]
  },
  "market_cap": null,
  "source": "SEC EDGAR",
  "last_updated": "2026-02-02T19:46:04.539531"
}