{
  "ticker": "XOMA",
  "name": "XOMA Royalty Corp",
  "quarters": [
    {
      "date": "2020-12-31T00:00:00",
      "quarter_label": "2020-12 (Q4)",
      "revenue": 27580000,
      "gross_profit": null,
      "operating_income": 23872000,
      "net_income": 22666000,
      "opex": 3708000,
      "cogs": null,
      "rd": 36000,
      "sga": null,
      "fcf": 17678000,
      "ocf": 17678000,
      "capex": null,
      "gross_margin": null,
      "op_margin": 0.8655547498187092,
      "fcf_margin": 0.6409717186366932
    },
    {
      "date": "2021-03-31T00:00:00",
      "quarter_label": "2021-03 (Q1)",
      "revenue": 375000,
      "gross_profit": null,
      "operating_income": -6427000,
      "net_income": -7373000,
      "opex": 6802000,
      "cogs": null,
      "rd": 61000,
      "sga": null,
      "fcf": -914000,
      "ocf": -914000,
      "capex": null,
      "gross_margin": null,
      "op_margin": -17.138666666666666,
      "fcf_margin": -2.437333333333333,
      "fcf_margin_change": -3.0783050519700264
    },
    {
      "date": "2021-06-30T00:00:00",
      "quarter_label": "2021-06 (Q2)",
      "revenue": 901000,
      "gross_profit": null,
      "operating_income": -3064000,
      "net_income": -2237000,
      "opex": 3965000,
      "cogs": null,
      "rd": 38000,
      "sga": null,
      "fcf": -3975000,
      "ocf": -3975000,
      "capex": null,
      "gross_margin": null,
      "op_margin": -3.400665926748058,
      "fcf_margin": -4.411764705882353,
      "op_leverage_ratio": Infinity,
      "fcf_margin_change": -1.9744313725490201
    },
    {
      "date": "2021-09-30T00:00:00",
      "quarter_label": "2021-09 (Q3)",
      "revenue": 940000,
      "gross_profit": null,
      "operating_income": -3345000,
      "net_income": -4436000,
      "opex": 4285000,
      "cogs": null,
      "rd": 30000,
      "sga": null,
      "fcf": -3075000,
      "ocf": -3075000,
      "capex": null,
      "gross_margin": null,
      "op_margin": -3.5585106382978724,
      "fcf_margin": -3.271276595744681,
      "op_leverage_ratio": 0.5363311598224195,
      "fcf_margin_change": 1.1404881101376723
    },
    {
      "date": "2021-12-31T00:00:00",
      "quarter_label": "2021-12 (Q4)",
      "revenue": 35945000,
      "gross_profit": null,
      "operating_income": 30365000,
      "net_income": 29844000,
      "opex": 5580000,
      "cogs": null,
      "rd": 42000,
      "sga": null,
      "fcf": 30642000,
      "ocf": 30642000,
      "capex": null,
      "gross_margin": null,
      "op_margin": 0.8447628321046042,
      "fcf_margin": 0.8524690499374044,
      "incr_op_margin_yoy": 0.7762104004781829,
      "rev_growth_yoy": 0.3032994923857868,
      "op_leverage_ratio": 123.22059065144171,
      "fcf_margin_change": 4.123745645682085
    },
    {
      "date": "2022-03-31T00:00:00",
      "quarter_label": "2022-03 (Q1)",
      "revenue": 3107000,
      "gross_profit": null,
      "operating_income": -2065000,
      "net_income": -2280000,
      "opex": 5172000,
      "cogs": null,
      "rd": 56000,
      "sga": null,
      "fcf": -1009000,
      "ocf": -1009000,
      "capex": null,
      "gross_margin": null,
      "op_margin": -0.6646282587705182,
      "fcf_margin": -0.3247505632442871,
      "incr_op_margin_yoy": 1.5966325036603222,
      "rev_growth_yoy": 7.285333333333333,
      "rev_growth_yoy_accel": 6.982033840947546,
      "fcf_margin_change": -1.1772196131816914
    },
    {
      "date": "2022-06-30T00:00:00",
      "quarter_label": "2022-06 (Q2)",
      "revenue": 983000,
      "gross_profit": null,
      "operating_income": -4767000,
      "net_income": -4670000,
      "opex": 5750000,
      "cogs": null,
      "rd": 40000,
      "sga": null,
      "fcf": -4317000,
      "ocf": -4317000,
      "capex": null,
      "gross_margin": null,
      "op_margin": -4.849440488301119,
      "fcf_margin": -4.391658189216684,
      "rev_growth_yoy": 0.09100998890122086,
      "rev_growth_yoy_accel": -7.194323344432112,
      "fcf_margin_change": -4.066907625972396
    },
    {
      "date": "2022-09-30T00:00:00",
      "quarter_label": "2022-09 (Q3)",
      "revenue": 451000,
      "gross_profit": null,
      "operating_income": -4372000,
      "net_income": -4178000,
      "opex": 4823000,
      "cogs": null,
      "rd": 29000,
      "sga": null,
      "fcf": -3663000,
      "ocf": -3663000,
      "capex": null,
      "gross_margin": null,
      "op_margin": -9.6940133037694,
      "fcf_margin": -8.121951219512194,
      "rev_growth_yoy": -0.5202127659574468,
      "rev_growth_yoy_accel": -0.6112227548586677,
      "fcf_margin_change": -3.7302930302955106
    },
    {
      "date": "2022-12-31T00:00:00",
      "quarter_label": "2022-12 (Q4)",
      "revenue": 1486000,
      "gross_profit": null,
      "operating_income": -6210000,
      "net_income": -5976000,
      "opex": 7696000,
      "cogs": null,
      "rd": 28000,
      "sga": null,
      "fcf": -3890000,
      "ocf": -3890000,
      "capex": null,
      "gross_margin": null,
      "op_margin": -4.17900403768506,
      "fcf_margin": -2.617765814266487,
      "incr_op_margin_yoy": 1.0614063089468644,
      "rev_growth_yoy": -0.9586590624565308,
      "rev_growth_yoy_accel": -0.43844629649908395,
      "op_leverage_ratio": 3.8525248066137596,
      "fcf_margin_change": 5.504185405245707
    },
    {
      "date": "2023-03-31T00:00:00",
      "quarter_label": "2023-03 (Q1)",
      "revenue": 437000,
      "gross_profit": null,
      "operating_income": -10170000,
      "net_income": -9813000,
      "opex": 10607000,
      "cogs": null,
      "rd": 54000,
      "sga": null,
      "fcf": -4924000,
      "ocf": -4924000,
      "capex": null,
      "gross_margin": null,
      "op_margin": -23.272311212814646,
      "fcf_margin": -11.267734553775744,
      "incr_op_margin_yoy": 3.0355805243445695,
      "rev_growth_yoy": -0.8593498551657548,
      "rev_growth_yoy_accel": 0.09930920729077597,
      "fcf_margin_change": -8.649968739509257
    },
    {
      "date": "2023-06-30T00:00:00",
      "quarter_label": "2023-06 (Q2)",
      "revenue": 1658000,
      "gross_profit": null,
      "operating_income": -5957000,
      "net_income": -5400000,
      "opex": 7615000,
      "cogs": null,
      "rd": 39000,
      "sga": null,
      "fcf": -7208000,
      "ocf": -7208000,
      "capex": null,
      "gross_margin": null,
      "op_margin": -3.592882991556092,
      "fcf_margin": -4.347406513872135,
      "rev_growth_yoy": 0.6866734486266531,
      "rev_growth_yoy_accel": 1.546023303792408,
      "op_leverage_ratio": Infinity,
      "fcf_margin_change": 6.920328039903609
    },
    {
      "date": "2023-09-30T00:00:00",
      "quarter_label": "2023-09 (Q3)",
      "revenue": 830000,
      "gross_profit": null,
      "operating_income": -5787000,
      "net_income": -5509000,
      "opex": 6617000,
      "cogs": null,
      "rd": 25000,
      "sga": null,
      "fcf": -2099000,
      "ocf": -2099000,
      "capex": null,
      "gross_margin": null,
      "op_margin": -6.972289156626506,
      "fcf_margin": -2.5289156626506024,
      "rev_growth_yoy": 0.8403547671840355,
      "rev_growth_yoy_accel": 0.15368131855738232,
      "fcf_margin_change": 1.818490851221533
    },
    {
      "date": "2023-12-31T00:00:00",
      "quarter_label": "2023-12 (Q4)",
      "revenue": 1833000,
      "gross_profit": null,
      "operating_income": -19934000,
      "net_income": -20109000,
      "opex": 21767000,
      "cogs": null,
      "rd": 25000,
      "sga": null,
      "fcf": -3927000,
      "ocf": -3927000,
      "capex": null,
      "gross_margin": null,
      "op_margin": -10.87506819421713,
      "fcf_margin": -2.1423895253682486,
      "rev_growth_yoy": 0.2335127860026918,
      "rev_growth_yoy_accel": -0.6068419811813437,
      "op_leverage_ratio": 0.5278023778281443,
      "fcf_margin_change": 0.38652613728235385
    },
    {
      "date": "2024-03-31T00:00:00",
      "quarter_label": "2024-03 (Q1)",
      "revenue": 1490000,
      "gross_profit": null,
      "operating_income": -7004000,
      "net_income": -8595000,
      "opex": 8494000,
      "cogs": null,
      "rd": 33000,
      "sga": null,
      "fcf": -4964000,
      "ocf": -4947000,
      "capex": -17000,
      "gross_margin": null,
      "op_margin": -4.700671140939598,
      "fcf_margin": -3.331543624161074,
      "incr_op_margin_yoy": 3.00664767331434,
      "rev_growth_yoy": 2.4096109839816933,
      "rev_growth_yoy_accel": 2.1760981979790013,
      "fcf_margin_change": -1.1891540987928253
    },
    {
      "date": "2024-06-30T00:00:00",
      "quarter_label": "2024-06 (Q2)",
      "revenue": 11086000,
      "gross_profit": null,
      "operating_income": -10079000,
      "net_income": 15985000,
      "opex": 21165000,
      "cogs": null,
      "rd": 1161000,
      "sga": null,
      "fcf": 2727000,
      "ocf": 2727000,
      "capex": null,
      "gross_margin": null,
      "op_margin": -0.9091647122496843,
      "fcf_margin": 0.24598592819772686,
      "incr_op_margin_yoy": -0.4372083156554943,
      "rev_growth_yoy": 5.6863691194209895,
      "rev_growth_yoy_accel": 3.2767581354392963,
      "op_leverage_ratio": 4.317231494629972,
      "fcf_margin_change": 3.5775295523588007
    },
    {
      "date": "2024-09-30T00:00:00",
      "quarter_label": "2024-09 (Q3)",
      "revenue": 7197000,
      "gross_profit": null,
      "operating_income": -15640000,
      "net_income": -17243000,
      "opex": 22837000,
      "cogs": null,
      "rd": 817000,
      "sga": null,
      "fcf": -8625000,
      "ocf": -8625000,
      "capex": null,
      "gross_margin": null,
      "op_margin": -2.173127692093928,
      "fcf_margin": -1.1984160066694456,
      "incr_op_margin_yoy": -1.5475106015391864,
      "rev_growth_yoy": 7.671084337349398,
      "rev_growth_yoy_accel": 1.9847152179284082,
      "fcf_margin_change": -1.4444019348671724
    },
    {
      "date": "2024-12-31T00:00:00",
      "quarter_label": "2024-12 (Q4)",
      "revenue": 8714000,
      "gross_profit": null,
      "operating_income": -7253000,
      "net_income": -3968000,
      "opex": 15967000,
      "cogs": null,
      "rd": 864000,
      "sga": null,
      "fcf": -2906000,
      "ocf": -2903000,
      "capex": -3000,
      "gross_margin": null,
      "op_margin": -0.8323387652054166,
      "fcf_margin": -0.3334863438145513,
      "incr_op_margin_yoy": 1.8429007411713414,
      "rev_growth_yoy": 3.7539552645935625,
      "rev_growth_yoy_accel": -3.917129072755835,
      "op_leverage_ratio": Infinity,
      "fcf_margin_change": 0.8649296628548944
    },
    {
      "date": "2025-03-31T00:00:00",
      "quarter_label": "2025-03 (Q1)",
      "revenue": 15912000,
      "gross_profit": null,
      "operating_income": 5929000,
      "net_income": 2367000,
      "opex": 9983000,
      "cogs": null,
      "rd": 1293000,
      "sga": null,
      "fcf": 2198000,
      "ocf": 2198000,
      "capex": null,
      "gross_margin": null,
      "op_margin": 0.3726118652589241,
      "fcf_margin": 0.13813474107591756,
      "incr_op_margin_yoy": 0.8967549577035085,
      "rev_growth_yoy": 9.679194630872484,
      "rev_growth_yoy_accel": 5.925239366278921,
      "op_leverage_ratio": Infinity,
      "fcf_margin_change": 0.47162108489046883
    },
    {
      "date": "2025-06-30T00:00:00",
      "quarter_label": "2025-06 (Q2)",
      "revenue": 13129000,
      "gross_profit": null,
      "operating_income": 4603000,
      "net_income": 9191000,
      "opex": 8526000,
      "cogs": null,
      "rd": 69000,
      "sga": null,
      "fcf": 6470000,
      "ocf": 6470000,
      "capex": null,
      "gross_margin": null,
      "op_margin": 0.3505979130169853,
      "fcf_margin": 0.49280219361718336,
      "incr_op_margin_yoy": 7.1864904552129225,
      "rev_growth_yoy": 0.18428648746166337,
      "rev_growth_yoy_accel": -9.49490814341082,
      "fcf_margin_change": 0.3546674525412658
    },
    {
      "date": "2025-09-30T00:00:00",
      "quarter_label": "2025-09 (Q3)",
      "revenue": 9351000,
      "gross_profit": null,
      "operating_income": -1330000,
      "net_income": 14051000,
      "opex": 10681000,
      "cogs": null,
      "rd": 69000,
      "sga": null,
      "fcf": -296000,
      "ocf": -296000,
      "capex": null,
      "gross_margin": null,
      "op_margin": -0.14223077745695648,
      "fcf_margin": -0.03165436851673618,
      "incr_op_margin_yoy": 6.6434540389972145,
      "rev_growth_yoy": 0.299291371404752,
      "rev_growth_yoy_accel": 0.11500488394308861,
      "fcf_margin_change": -0.5244565621339196
    }
  ],
  "signals": [
    {
      "quarter": "2025-09 (Q3)",
      "signal": "YoY REVENUE GROWTH ACCELERATION",
      "detail": "YoY growth: +29.9% vs prior quarter YoY: +18.4% (accel: +11.5%)",
      "severity": "MEDIUM"
    },
    {
      "quarter": "2025-06 (Q2)",
      "signal": "FCF MARGIN EXPANSION",
      "detail": "FCF margin: +13.8% -> +49.3% (+35.5%)",
      "severity": "MEDIUM"
    },
    {
      "quarter": "2025-06 (Q2)",
      "signal": "YoY REVENUE GROWTH DECELERATION",
      "detail": "YoY growth: +18.4% vs prior quarter YoY: +967.9% (decel: -949.5%)",
      "severity": "WARNING"
    },
    {
      "quarter": "2025-06 (Q2)",
      "signal": "OP MARGIN TURNED POSITIVE (YoY)",
      "detail": "Op margin: -90.9% (year-ago) -> +35.1%",
      "severity": "HIGH"
    },
    {
      "quarter": "2025-03 (Q1)",
      "signal": "FCF TURNED POSITIVE",
      "detail": "FCF margin: -33.3% -> +13.8%",
      "severity": "HIGH"
    },
    {
      "quarter": "2025-03 (Q1)",
      "signal": "YoY REVENUE GROWTH ACCELERATION",
      "detail": "YoY growth: +967.9% vs prior quarter YoY: +375.4% (accel: +592.5%)",
      "severity": "HIGH"
    },
    {
      "quarter": "2025-03 (Q1)",
      "signal": "OP MARGIN TURNED POSITIVE (YoY)",
      "detail": "Op margin: -470.1% (year-ago) -> +37.3%",
      "severity": "HIGH"
    },
    {
      "quarter": "2025-03 (Q1)",
      "signal": "OP MARGIN TURNED POSITIVE (QoQ)",
      "detail": "Op margin: -83.2% -> +37.3%",
      "severity": "HIGH"
    },
    {
      "quarter": "2024-12 (Q4)",
      "signal": "FCF MARGIN EXPANSION",
      "detail": "FCF margin: -119.8% -> -33.3% (+86.5%)",
      "severity": "MEDIUM"
    },
    {
      "quarter": "2024-12 (Q4)",
      "signal": "YoY REVENUE GROWTH DECELERATION",
      "detail": "YoY growth: +375.4% vs prior quarter YoY: +767.1% (decel: -391.7%)",
      "severity": "WARNING"
    },
    {
      "quarter": "2024-09 (Q3)",
      "signal": "YoY REVENUE GROWTH ACCELERATION",
      "detail": "YoY growth: +767.1% vs prior quarter YoY: +568.6% (accel: +198.5%)",
      "severity": "HIGH"
    },
    {
      "quarter": "2024-06 (Q2)",
      "signal": "FCF TURNED POSITIVE",
      "detail": "FCF margin: -333.2% -> +24.6%",
      "severity": "HIGH"
    },
    {
      "quarter": "2024-06 (Q2)",
      "signal": "OPERATING LEVERAGE",
      "detail": "Rev growth +644.0% vs OpEx growth +149.2% (leverage: 4.3x)",
      "severity": "MEDIUM"
    },
    {
      "quarter": "2024-06 (Q2)",
      "signal": "YoY REVENUE GROWTH ACCELERATION",
      "detail": "YoY growth: +568.6% vs prior quarter YoY: +241.0% (accel: +327.7%)",
      "severity": "HIGH"
    },
    {
      "quarter": "2024-03 (Q1)",
      "signal": "YoY REVENUE GROWTH ACCELERATION",
      "detail": "YoY growth: +241.0% vs prior quarter YoY: +23.4% (accel: +217.6%)",
      "severity": "HIGH"
    },
    {
      "quarter": "2023-12 (Q4)",
      "signal": "FCF MARGIN EXPANSION",
      "detail": "FCF margin: -252.9% -> -214.2% (+38.7%)",
      "severity": "MEDIUM"
    },
    {
      "quarter": "2023-12 (Q4)",
      "signal": "YoY REVENUE GROWTH DECELERATION",
      "detail": "YoY growth: +23.4% vs prior quarter YoY: +84.0% (decel: -60.7%)",
      "severity": "WARNING"
    },
    {
      "quarter": "2023-09 (Q3)",
      "signal": "FCF MARGIN EXPANSION",
      "detail": "FCF margin: -434.7% -> -252.9% (+181.8%)",
      "severity": "MEDIUM"
    },
    {
      "quarter": "2023-09 (Q3)",
      "signal": "YoY REVENUE GROWTH ACCELERATION",
      "detail": "YoY growth: +84.0% vs prior quarter YoY: +68.7% (accel: +15.4%)",
      "severity": "HIGH"
    },
    {
      "quarter": "2023-06 (Q2)",
      "signal": "FCF MARGIN EXPANSION",
      "detail": "FCF margin: -1126.8% -> -434.7% (+692.0%)",
      "severity": "MEDIUM"
    },
    {
      "quarter": "2023-06 (Q2)",
      "signal": "YoY REVENUE GROWTH ACCELERATION",
      "detail": "YoY growth: +68.7% vs prior quarter YoY: -85.9% (accel: +154.6%)",
      "severity": "HIGH"
    },
    {
      "quarter": "2023-03 (Q1)",
      "signal": "YoY REVENUE GROWTH ACCELERATION",
      "detail": "YoY growth: -85.9% vs prior quarter YoY: -95.9% (accel: +9.9%)",
      "severity": "MEDIUM"
    },
    {
      "quarter": "2022-12 (Q4)",
      "signal": "FCF MARGIN EXPANSION",
      "detail": "FCF margin: -812.2% -> -261.8% (+550.4%)",
      "severity": "MEDIUM"
    },
    {
      "quarter": "2022-12 (Q4)",
      "signal": "OPERATING LEVERAGE",
      "detail": "Rev growth +229.5% vs OpEx growth +59.6% (leverage: 3.9x)",
      "severity": "MEDIUM"
    },
    {
      "quarter": "2022-12 (Q4)",
      "signal": "YoY REVENUE GROWTH DECELERATION",
      "detail": "YoY growth: -95.9% vs prior quarter YoY: -52.0% (decel: -43.8%)",
      "severity": "WARNING"
    },
    {
      "quarter": "2022-09 (Q3)",
      "signal": "YoY REVENUE GROWTH DECELERATION",
      "detail": "YoY growth: -52.0% vs prior quarter YoY: +9.1% (decel: -61.1%)",
      "severity": "WARNING"
    },
    {
      "quarter": "2022-06 (Q2)",
      "signal": "YoY REVENUE GROWTH DECELERATION",
      "detail": "YoY growth: +9.1% vs prior quarter YoY: +728.5% (decel: -719.4%)",
      "severity": "WARNING"
    },
    {
      "quarter": "2022-03 (Q1)",
      "signal": "YoY REVENUE GROWTH ACCELERATION",
      "detail": "YoY growth: +728.5% vs prior quarter YoY: +30.3% (accel: +698.2%)",
      "severity": "HIGH"
    },
    {
      "quarter": "2021-12 (Q4)",
      "signal": "FCF TURNED POSITIVE",
      "detail": "FCF margin: -327.1% -> +85.2%",
      "severity": "HIGH"
    },
    {
      "quarter": "2021-12 (Q4)",
      "signal": "OPERATING LEVERAGE",
      "detail": "Rev growth +3723.9% vs OpEx growth +30.2% (leverage: 123.2x)",
      "severity": "MEDIUM"
    },
    {
      "quarter": "2021-12 (Q4)",
      "signal": "OP MARGIN TURNED POSITIVE (QoQ)",
      "detail": "Op margin: -355.9% -> +84.5%",
      "severity": "HIGH"
    },
    {
      "quarter": "2021-09 (Q3)",
      "signal": "FCF MARGIN EXPANSION",
      "detail": "FCF margin: -441.2% -> -327.1% (+114.0%)",
      "severity": "MEDIUM"
    }
  ],
  "data_quality": {
    "n_quarters": 20,
    "coverage": {
      "revenue": [
        20,
        20
      ],
      "gross_profit": [
        0,
        20
      ],
      "op_income": [
        20,
        20
      ],
      "fcf": [
        20,
        20
      ]
    },
    "gaps": [],
    "warnings": [
      "gross_profit: no data"
    ]
  },
  "market_cap": null,
  "source": "SEC EDGAR",
  "last_updated": "2026-02-02T22:44:01.110543"
}