{
  "ticker": "XPO",
  "name": "XPO, Inc.",
  "quarters": [
    {
      "date": "2020-12-31T00:00:00",
      "quarter_label": "2020-12 (Q4)",
      "revenue": 2938000000,
      "gross_profit": 663000000,
      "operating_income": 153000000,
      "net_income": 125000000,
      "opex": 510000000,
      "cogs": 2275000000,
      "rd": null,
      "sga": 516000000,
      "fcf": 67000000,
      "ocf": 96000000,
      "capex": -29000000,
      "gross_margin": 0.22566371681415928,
      "op_margin": 0.05207624234172907,
      "fcf_margin": 0.022804628999319263
    },
    {
      "date": "2021-03-31T00:00:00",
      "quarter_label": "2021-03 (Q1)",
      "revenue": 4774000000,
      "gross_profit": 2446000000,
      "operating_income": 202000000,
      "net_income": 115000000,
      "opex": 2244000000,
      "cogs": 2328000000,
      "rd": null,
      "sga": 588000000,
      "fcf": 3000000,
      "ocf": 77000000,
      "capex": -74000000,
      "gross_margin": 0.5123586091328027,
      "op_margin": 0.042312526183493925,
      "fcf_margin": 0.0006284038542103058,
      "op_leverage_ratio": 0.18379850238257317,
      "fcf_margin_change": -0.022176225145108957
    },
    {
      "date": "2021-06-30T00:00:00",
      "quarter_label": "2021-06 (Q2)",
      "revenue": 5036000000,
      "gross_profit": 2522000000,
      "operating_income": 246000000,
      "net_income": 156000000,
      "opex": 2276000000,
      "cogs": 2514000000,
      "rd": null,
      "sga": 594000000,
      "fcf": 401000000,
      "ocf": 462000000,
      "capex": -61000000,
      "gross_margin": 0.5007942811755361,
      "op_margin": 0.0488482922954726,
      "fcf_margin": 0.07962668784749802,
      "op_leverage_ratio": 3.8485023041474657,
      "fcf_margin_change": 0.07899828399328772
    },
    {
      "date": "2021-09-30T00:00:00",
      "quarter_label": "2021-09 (Q3)",
      "revenue": 3270000000,
      "gross_profit": 964000000,
      "operating_income": 112000000,
      "net_income": -57000000,
      "opex": 852000000,
      "cogs": 2306000000,
      "rd": null,
      "sga": 339000000,
      "fcf": -58000000,
      "ocf": 19000000,
      "capex": -77000000,
      "gross_margin": 0.2948012232415902,
      "op_margin": 0.03425076452599388,
      "fcf_margin": -0.017737003058103974,
      "fcf_margin_change": -0.09736369090560199
    },
    {
      "date": "2021-12-31T00:00:00",
      "quarter_label": "2021-12 (Q4)",
      "revenue": 3361000000,
      "gross_profit": 961000000,
      "operating_income": 174000000,
      "net_income": 122000000,
      "opex": 787000000,
      "cogs": 2400000000,
      "rd": null,
      "sga": 321000000,
      "fcf": 41000000,
      "ocf": 98000000,
      "capex": -57000000,
      "gross_margin": 0.2859268074977685,
      "op_margin": 0.051770306456411785,
      "fcf_margin": 0.012198750371913121,
      "incr_op_margin_yoy": 0.04964539007092199,
      "rev_growth_yoy": 0.14397549353301567,
      "op_leverage_ratio": Infinity,
      "fcf_margin_change": 0.029935753430017094
    },
    {
      "date": "2022-03-31T00:00:00",
      "quarter_label": "2022-03 (Q1)",
      "revenue": 3473000000,
      "gross_profit": 1036000000,
      "operating_income": 625000000,
      "net_income": 488000000,
      "opex": 411000000,
      "cogs": 2437000000,
      "rd": null,
      "sga": 344000000,
      "fcf": 77000000,
      "ocf": 200000000,
      "capex": -123000000,
      "gross_margin": 0.29830118053556004,
      "op_margin": 0.17995968902965737,
      "fcf_margin": 0.022171033688453787,
      "incr_op_margin_yoy": -0.32513451191391235,
      "rev_growth_yoy": -0.2725178047758693,
      "rev_growth_yoy_accel": -0.41649329830888493,
      "op_leverage_ratio": Infinity,
      "fcf_margin_change": 0.009972283316540665
    },
    {
      "date": "2022-06-30T00:00:00",
      "quarter_label": "2022-06 (Q2)",
      "revenue": 3232000000,
      "gross_profit": 1079000000,
      "operating_income": 230000000,
      "net_income": 141000000,
      "opex": 849000000,
      "cogs": 2153000000,
      "rd": null,
      "sga": 324000000,
      "fcf": null,
      "ocf": null,
      "capex": -119000000,
      "gross_margin": 0.3338490099009901,
      "op_margin": 0.07116336633663366,
      "fcf_margin": null,
      "incr_op_margin_yoy": 0.008869179600886918,
      "rev_growth_yoy": -0.358220810166799,
      "rev_growth_yoy_accel": -0.08570300539092973
    },
    {
      "date": "2022-09-30T00:00:00",
      "quarter_label": "2022-09 (Q3)",
      "revenue": 3042000000,
      "gross_profit": 998000000,
      "operating_income": 185000000,
      "net_income": 131000000,
      "opex": 813000000,
      "cogs": 2044000000,
      "rd": null,
      "sga": 298000000,
      "fcf": null,
      "ocf": null,
      "capex": -112000000,
      "gross_margin": 0.32807363576594345,
      "op_margin": 0.06081525312294543,
      "fcf_margin": null,
      "incr_op_margin_yoy": -0.3201754385964912,
      "rev_growth_yoy": -0.06972477064220184,
      "rev_growth_yoy_accel": 0.2884960395245972
    },
    {
      "date": "2022-12-31T00:00:00",
      "quarter_label": "2022-12 (Q4)",
      "revenue": 1831000000,
      "gross_profit": 3520000000,
      "operating_income": 4000000,
      "net_income": -94000000,
      "opex": 3516000000,
      "cogs": -1689000000,
      "rd": null,
      "sga": -288000000,
      "fcf": null,
      "ocf": null,
      "capex": -167000000,
      "gross_margin": 1.9224467504096123,
      "op_margin": 0.002184598580010923,
      "fcf_margin": null,
      "incr_op_margin_yoy": 0.1111111111111111,
      "rev_growth_yoy": -0.4552216602201726,
      "rev_growth_yoy_accel": -0.38549688957797074
    },
    {
      "date": "2023-03-31T00:00:00",
      "quarter_label": "2023-03 (Q1)",
      "revenue": 1907000000,
      "gross_profit": null,
      "operating_income": 58000000,
      "net_income": 14000000,
      "opex": null,
      "cogs": null,
      "rd": null,
      "sga": null,
      "fcf": null,
      "ocf": null,
      "capex": -224000000,
      "gross_margin": null,
      "op_margin": 0.030414263240692185,
      "fcf_margin": null,
      "incr_op_margin_yoy": 0.3620689655172414,
      "rev_growth_yoy": -0.45090699683270946,
      "rev_growth_yoy_accel": 0.0043146633874631135
    },
    {
      "date": "2023-06-30T00:00:00",
      "quarter_label": "2023-06 (Q2)",
      "revenue": 1917000000,
      "gross_profit": null,
      "operating_income": 107000000,
      "net_income": 33000000,
      "opex": null,
      "cogs": null,
      "rd": null,
      "sga": null,
      "fcf": null,
      "ocf": null,
      "capex": -131000000,
      "gross_margin": null,
      "op_margin": 0.05581637976004173,
      "fcf_margin": null,
      "incr_op_margin_yoy": 0.0935361216730038,
      "rev_growth_yoy": -0.4068688118811881,
      "rev_growth_yoy_accel": 0.04403818495152134
    },
    {
      "date": "2023-09-30T00:00:00",
      "quarter_label": "2023-09 (Q3)",
      "revenue": 1980000000,
      "gross_profit": null,
      "operating_income": 154000000,
      "net_income": 84000000,
      "opex": null,
      "cogs": null,
      "rd": null,
      "sga": null,
      "fcf": null,
      "ocf": null,
      "capex": -139000000,
      "gross_margin": null,
      "op_margin": 0.07777777777777778,
      "fcf_margin": null,
      "incr_op_margin_yoy": 0.02919020715630885,
      "rev_growth_yoy": -0.34911242603550297,
      "rev_growth_yoy_accel": 0.057756385845685154
    },
    {
      "date": "2023-12-31T00:00:00",
      "quarter_label": "2023-12 (Q4)",
      "revenue": 1940000000,
      "gross_profit": null,
      "operating_income": 119000000,
      "net_income": 58000000,
      "opex": null,
      "cogs": null,
      "rd": null,
      "sga": null,
      "fcf": null,
      "ocf": null,
      "capex": -1039000000,
      "gross_margin": null,
      "op_margin": 0.06134020618556701,
      "fcf_margin": null,
      "incr_op_margin_yoy": 1.055045871559633,
      "rev_growth_yoy": 0.05953031130529765,
      "rev_growth_yoy_accel": 0.4086427373408006
    },
    {
      "date": "2024-03-31T00:00:00",
      "quarter_label": "2024-03 (Q1)",
      "revenue": 2018000000,
      "gross_profit": null,
      "operating_income": 138000000,
      "net_income": 67000000,
      "opex": null,
      "cogs": null,
      "rd": null,
      "sga": null,
      "fcf": -161000000,
      "ocf": 145000000,
      "capex": -306000000,
      "gross_margin": null,
      "op_margin": 0.06838453914767097,
      "fcf_margin": -0.07978196233894945,
      "incr_op_margin_yoy": 0.7207207207207207,
      "rev_growth_yoy": 0.058206607236497114,
      "rev_growth_yoy_accel": -0.0013237040688005366
    },
    {
      "date": "2024-06-30T00:00:00",
      "quarter_label": "2024-06 (Q2)",
      "revenue": 2079000000,
      "gross_profit": null,
      "operating_income": 197000000,
      "net_income": 150000000,
      "opex": null,
      "cogs": null,
      "rd": null,
      "sga": null,
      "fcf": 20000000,
      "ocf": 210000000,
      "capex": -190000000,
      "gross_margin": null,
      "op_margin": 0.09475709475709476,
      "fcf_margin": 0.00962000962000962,
      "incr_op_margin_yoy": 0.5555555555555556,
      "rev_growth_yoy": 0.08450704225352113,
      "rev_growth_yoy_accel": 0.02630043501702401,
      "fcf_margin_change": 0.08940197195895908
    },
    {
      "date": "2024-09-30T00:00:00",
      "quarter_label": "2024-09 (Q3)",
      "revenue": 2053000000,
      "gross_profit": null,
      "operating_income": 176000000,
      "net_income": 95000000,
      "opex": null,
      "cogs": null,
      "rd": null,
      "sga": null,
      "fcf": 137000000,
      "ocf": 264000000,
      "capex": -127000000,
      "gross_margin": null,
      "op_margin": 0.08572820263029712,
      "fcf_margin": 0.06673161227471992,
      "incr_op_margin_yoy": 0.3013698630136986,
      "rev_growth_yoy": 0.03686868686868687,
      "rev_growth_yoy_accel": -0.047638355384834255,
      "fcf_margin_change": 0.057111602654710304
    },
    {
      "date": "2024-12-31T00:00:00",
      "quarter_label": "2024-12 (Q4)",
      "revenue": 1922000000,
      "gross_profit": null,
      "operating_income": 149000000,
      "net_income": 75000000,
      "opex": null,
      "cogs": null,
      "rd": null,
      "sga": null,
      "fcf": null,
      "ocf": null,
      "capex": -166000000,
      "gross_margin": null,
      "op_margin": 0.07752341311134235,
      "fcf_margin": null,
      "incr_op_margin_yoy": -1.6666666666666667,
      "rev_growth_yoy": -0.009278350515463918,
      "rev_growth_yoy_accel": -0.04614703738415079
    },
    {
      "date": "2025-03-31T00:00:00",
      "quarter_label": "2025-03 (Q1)",
      "revenue": 1954000000,
      "gross_profit": null,
      "operating_income": 151000000,
      "net_income": 69000000,
      "opex": null,
      "cogs": null,
      "rd": null,
      "sga": null,
      "fcf": -57000000,
      "ocf": 142000000,
      "capex": -199000000,
      "gross_margin": null,
      "op_margin": 0.07727737973387923,
      "fcf_margin": -0.02917093142272262,
      "incr_op_margin_yoy": -0.203125,
      "rev_growth_yoy": -0.031714568880079286,
      "rev_growth_yoy_accel": -0.022436218364615367
    },
    {
      "date": "2025-06-30T00:00:00",
      "quarter_label": "2025-06 (Q2)",
      "revenue": 2080000000,
      "gross_profit": null,
      "operating_income": 198000000,
      "net_income": 106000000,
      "opex": null,
      "cogs": null,
      "rd": null,
      "sga": null,
      "fcf": 51000000,
      "ocf": 247000000,
      "capex": -196000000,
      "gross_margin": null,
      "op_margin": 0.09519230769230769,
      "fcf_margin": 0.02451923076923077,
      "rev_growth_yoy": 0.000481000481000481,
      "rev_growth_yoy_accel": 0.032195569361079764,
      "fcf_margin_change": 0.05369016219195339
    },
    {
      "date": "2025-09-30T00:00:00",
      "quarter_label": "2025-09 (Q3)",
      "revenue": 2111000000,
      "gross_profit": null,
      "operating_income": 164000000,
      "net_income": 82000000,
      "opex": null,
      "cogs": null,
      "rd": null,
      "sga": null,
      "fcf": 215000000,
      "ocf": 371000000,
      "capex": -156000000,
      "gross_margin": null,
      "op_margin": 0.07768829938417811,
      "fcf_margin": 0.10184746565608717,
      "incr_op_margin_yoy": -0.20689655172413793,
      "rev_growth_yoy": 0.0282513395031661,
      "rev_growth_yoy_accel": 0.027770339022165618,
      "fcf_margin_change": 0.0773282348868564
    }
  ],
  "signals": [
    {
      "quarter": "2025-09 (Q3)",
      "signal": "FCF MARGIN EXPANSION",
      "detail": "FCF margin: +2.5% -> +10.2% (+7.7%)",
      "severity": "MEDIUM"
    },
    {
      "quarter": "2025-06 (Q2)",
      "signal": "FCF TURNED POSITIVE",
      "detail": "FCF margin: -2.9% -> +2.5%",
      "severity": "HIGH"
    },
    {
      "quarter": "2024-09 (Q3)",
      "signal": "FCF MARGIN EXPANSION",
      "detail": "FCF margin: +1.0% -> +6.7% (+5.7%)",
      "severity": "MEDIUM"
    },
    {
      "quarter": "2024-09 (Q3)",
      "signal": "INCREMENTAL MARGIN (YoY)",
      "detail": "YoY Incr OPM: +30.1% vs year-ago OPM: +7.8%",
      "severity": "HIGH"
    },
    {
      "quarter": "2024-06 (Q2)",
      "signal": "FCF TURNED POSITIVE",
      "detail": "FCF margin: -8.0% -> +1.0%",
      "severity": "HIGH"
    },
    {
      "quarter": "2024-06 (Q2)",
      "signal": "INCREMENTAL MARGIN (YoY)",
      "detail": "YoY Incr OPM: +55.6% vs year-ago OPM: +5.6%",
      "severity": "HIGH"
    },
    {
      "quarter": "2024-03 (Q1)",
      "signal": "INCREMENTAL MARGIN (YoY)",
      "detail": "YoY Incr OPM: +72.1% vs year-ago OPM: +3.0%",
      "severity": "HIGH"
    },
    {
      "quarter": "2023-12 (Q4)",
      "signal": "YoY REVENUE GROWTH ACCELERATION",
      "detail": "YoY growth: +6.0% vs prior quarter YoY: -34.9% (accel: +40.9%)",
      "severity": "HIGH"
    },
    {
      "quarter": "2023-12 (Q4)",
      "signal": "INCREMENTAL MARGIN (YoY)",
      "detail": "YoY Incr OPM: +105.5% vs year-ago OPM: +0.2%",
      "severity": "HIGH"
    },
    {
      "quarter": "2023-09 (Q3)",
      "signal": "YoY REVENUE GROWTH ACCELERATION",
      "detail": "YoY growth: -34.9% vs prior quarter YoY: -40.7% (accel: +5.8%)",
      "severity": "MEDIUM"
    },
    {
      "quarter": "2023-03 (Q1)",
      "signal": "INCREMENTAL MARGIN (YoY)",
      "detail": "YoY Incr OPM: +36.2% vs year-ago OPM: +18.0%",
      "severity": "MEDIUM"
    },
    {
      "quarter": "2022-12 (Q4)",
      "signal": "GROSS MARGIN INFLECTION",
      "detail": "GM: +33.4% -> +32.8% -> +192.2% (reversal +159.4%)",
      "severity": "HIGH"
    },
    {
      "quarter": "2022-12 (Q4)",
      "signal": "YoY REVENUE GROWTH DECELERATION",
      "detail": "YoY growth: -45.5% vs prior quarter YoY: -7.0% (decel: -38.5%)",
      "severity": "WARNING"
    },
    {
      "quarter": "2022-09 (Q3)",
      "signal": "YoY REVENUE GROWTH ACCELERATION",
      "detail": "YoY growth: -7.0% vs prior quarter YoY: -35.8% (accel: +28.8%)",
      "severity": "HIGH"
    },
    {
      "quarter": "2022-06 (Q2)",
      "signal": "YoY REVENUE GROWTH DECELERATION",
      "detail": "YoY growth: -35.8% vs prior quarter YoY: -27.3% (decel: -8.6%)",
      "severity": "WARNING"
    },
    {
      "quarter": "2022-03 (Q1)",
      "signal": "YoY REVENUE GROWTH DECELERATION",
      "detail": "YoY growth: -27.3% vs prior quarter YoY: +14.4% (decel: -41.6%)",
      "severity": "WARNING"
    },
    {
      "quarter": "2021-12 (Q4)",
      "signal": "FCF TURNED POSITIVE",
      "detail": "FCF margin: -1.8% -> +1.2%",
      "severity": "HIGH"
    },
    {
      "quarter": "2021-06 (Q2)",
      "signal": "FCF MARGIN EXPANSION",
      "detail": "FCF margin: +0.1% -> +8.0% (+7.9%)",
      "severity": "MEDIUM"
    },
    {
      "quarter": "2021-06 (Q2)",
      "signal": "OPERATING LEVERAGE",
      "detail": "Rev growth +5.5% vs OpEx growth +1.4% (leverage: 3.8x)",
      "severity": "MEDIUM"
    }
  ],
  "data_quality": {
    "n_quarters": 20,
    "coverage": {
      "revenue": [
        20,
        20
      ],
      "gross_profit": [
        9,
        20
      ],
      "op_income": [
        20,
        20
      ],
      "fcf": [
        12,
        20
      ]
    },
    "gaps": [],
    "warnings": [
      "gross_profit: 9/20Q",
      "fcf: 12/20Q"
    ]
  },
  "market_cap": null,
  "source": "SEC EDGAR",
  "last_updated": "2026-02-02T20:21:48.261505"
}