{
  "ticker": "XRX",
  "name": "XEROX HOLDINGS CORPORATION",
  "quarters": [
    {
      "date": "2020-12-31T00:00:00",
      "quarter_label": "2020-12 (Q4)",
      "revenue": 1930000000,
      "gross_profit": null,
      "operating_income": null,
      "net_income": 77000000,
      "opex": 1827000000,
      "cogs": null,
      "rd": null,
      "sga": 440000000,
      "fcf": 227000000,
      "ocf": 235000000,
      "capex": -8000000,
      "gross_margin": null,
      "op_margin": null,
      "fcf_margin": 0.11761658031088083
    },
    {
      "date": "2021-03-31T00:00:00",
      "quarter_label": "2021-03 (Q1)",
      "revenue": 1710000000,
      "gross_profit": null,
      "operating_income": null,
      "net_income": 39000000,
      "opex": 1657000000,
      "cogs": null,
      "rd": null,
      "sga": 448000000,
      "fcf": 109000000,
      "ocf": 117000000,
      "capex": -8000000,
      "gross_margin": null,
      "op_margin": null,
      "fcf_margin": 0.06374269005847953,
      "fcf_margin_change": -0.0538738902524013
    },
    {
      "date": "2021-06-30T00:00:00",
      "quarter_label": "2021-06 (Q2)",
      "revenue": 1793000000,
      "gross_profit": null,
      "operating_income": null,
      "net_income": 91000000,
      "opex": 1694000000,
      "cogs": null,
      "rd": null,
      "sga": 434000000,
      "fcf": 210000000,
      "ocf": 214000000,
      "capex": -4000000,
      "gross_margin": null,
      "op_margin": null,
      "fcf_margin": 0.11712214166201897,
      "op_leverage_ratio": 2.173715821084242,
      "fcf_margin_change": 0.053379451603539435
    },
    {
      "date": "2021-09-30T00:00:00",
      "quarter_label": "2021-09 (Q3)",
      "revenue": 1758000000,
      "gross_profit": null,
      "operating_income": null,
      "net_income": 90000000,
      "opex": 1674000000,
      "cogs": null,
      "rd": null,
      "sga": 413000000,
      "fcf": 91000000,
      "ocf": 100000000,
      "capex": -9000000,
      "gross_margin": null,
      "op_margin": null,
      "fcf_margin": 0.051763367463026164,
      "fcf_margin_change": -0.0653587741989928
    },
    {
      "date": "2021-12-31T00:00:00",
      "quarter_label": "2021-12 (Q4)",
      "revenue": 1777000000,
      "gross_profit": null,
      "operating_income": null,
      "net_income": -675000000,
      "opex": 2488000000,
      "cogs": null,
      "rd": null,
      "sga": 423000000,
      "fcf": 190000000,
      "ocf": 198000000,
      "capex": -8000000,
      "gross_margin": null,
      "op_margin": null,
      "fcf_margin": 0.10692177827799662,
      "rev_growth_yoy": -0.07927461139896373,
      "op_leverage_ratio": 0.02222622871087035,
      "fcf_margin_change": 0.05515841081497046
    },
    {
      "date": "2022-03-31T00:00:00",
      "quarter_label": "2022-03 (Q1)",
      "revenue": 1668000000,
      "gross_profit": null,
      "operating_income": null,
      "net_income": -56000000,
      "opex": 1757000000,
      "cogs": null,
      "rd": null,
      "sga": 455000000,
      "fcf": 54000000,
      "ocf": 66000000,
      "capex": -12000000,
      "gross_margin": null,
      "op_margin": null,
      "fcf_margin": 0.03237410071942446,
      "rev_growth_yoy": -0.02456140350877193,
      "rev_growth_yoy_accel": 0.0547132078901918,
      "fcf_margin_change": -0.07454767755857217
    },
    {
      "date": "2022-06-30T00:00:00",
      "quarter_label": "2022-06 (Q2)",
      "revenue": 1747000000,
      "gross_profit": null,
      "operating_income": null,
      "net_income": -4000000,
      "opex": 1752000000,
      "cogs": null,
      "rd": null,
      "sga": 459000000,
      "fcf": -92000000,
      "ocf": -85000000,
      "capex": -7000000,
      "gross_margin": null,
      "op_margin": null,
      "fcf_margin": -0.05266170578133944,
      "rev_growth_yoy": -0.025655326268823202,
      "rev_growth_yoy_accel": -0.0010939227600512726,
      "op_leverage_ratio": Infinity,
      "fcf_margin_change": -0.0850358065007639
    },
    {
      "date": "2022-09-30T00:00:00",
      "quarter_label": "2022-09 (Q3)",
      "revenue": 1751000000,
      "gross_profit": null,
      "operating_income": null,
      "net_income": -383000000,
      "opex": 2131000000,
      "cogs": null,
      "rd": null,
      "sga": 418000000,
      "fcf": -13000000,
      "ocf": -8000000,
      "capex": -5000000,
      "gross_margin": null,
      "op_margin": null,
      "fcf_margin": -0.0074243289548829245,
      "rev_growth_yoy": -0.003981797497155859,
      "rev_growth_yoy_accel": 0.021673528771667346,
      "fcf_margin_change": 0.04523737682645652
    },
    {
      "date": "2022-12-31T00:00:00",
      "quarter_label": "2022-12 (Q4)",
      "revenue": 1941000000,
      "gross_profit": null,
      "operating_income": null,
      "net_income": 121000000,
      "opex": 1795000000,
      "cogs": null,
      "rd": null,
      "sga": 428000000,
      "fcf": 174000000,
      "ocf": 186000000,
      "capex": -12000000,
      "gross_margin": null,
      "op_margin": null,
      "fcf_margin": 0.08964451313755796,
      "rev_growth_yoy": 0.09229037703995498,
      "rev_growth_yoy_accel": 0.09627217453711083,
      "op_leverage_ratio": Infinity,
      "fcf_margin_change": 0.09706884209244089
    },
    {
      "date": "2023-03-31T00:00:00",
      "quarter_label": "2023-03 (Q1)",
      "revenue": 1715000000,
      "gross_profit": null,
      "operating_income": null,
      "net_income": 71000000,
      "opex": 1630000000,
      "cogs": null,
      "rd": null,
      "sga": 407000000,
      "fcf": 72000000,
      "ocf": 78000000,
      "capex": -6000000,
      "gross_margin": null,
      "op_margin": null,
      "fcf_margin": 0.04198250728862974,
      "rev_growth_yoy": 0.02817745803357314,
      "rev_growth_yoy_accel": -0.06411291900638183,
      "fcf_margin_change": -0.04766200584892822
    },
    {
      "date": "2023-06-30T00:00:00",
      "quarter_label": "2023-06 (Q2)",
      "revenue": 1754000000,
      "gross_profit": null,
      "operating_income": null,
      "net_income": -61000000,
      "opex": 1843000000,
      "cogs": null,
      "rd": null,
      "sga": 433000000,
      "fcf": 90000000,
      "ocf": 95000000,
      "capex": -5000000,
      "gross_margin": null,
      "op_margin": null,
      "fcf_margin": 0.05131128848346636,
      "rev_growth_yoy": 0.004006868918145392,
      "rev_growth_yoy_accel": -0.024170589115427746,
      "op_leverage_ratio": 0.17402373424218784,
      "fcf_margin_change": 0.00932878119483662
    },
    {
      "date": "2023-09-30T00:00:00",
      "quarter_label": "2023-09 (Q3)",
      "revenue": 1652000000,
      "gross_profit": null,
      "operating_income": null,
      "net_income": 49000000,
      "opex": 1589000000,
      "cogs": null,
      "rd": null,
      "sga": 416000000,
      "fcf": 114000000,
      "ocf": 124000000,
      "capex": -10000000,
      "gross_margin": null,
      "op_margin": null,
      "fcf_margin": 0.06900726392251816,
      "rev_growth_yoy": -0.05653912050256996,
      "rev_growth_yoy_accel": -0.06054598942071535,
      "fcf_margin_change": 0.017695975439051798
    },
    {
      "date": "2023-12-31T00:00:00",
      "quarter_label": "2023-12 (Q4)",
      "revenue": 1765000000,
      "gross_profit": null,
      "operating_income": null,
      "net_income": -58000000,
      "opex": 1852000000,
      "cogs": null,
      "rd": null,
      "sga": 440000000,
      "fcf": 381000000,
      "ocf": 389000000,
      "capex": -8000000,
      "gross_margin": null,
      "op_margin": null,
      "fcf_margin": 0.2158640226628895,
      "rev_growth_yoy": -0.09067490984028852,
      "rev_growth_yoy_accel": -0.034135789337718554,
      "op_leverage_ratio": 0.41327253979506356,
      "fcf_margin_change": 0.14685675874037135
    },
    {
      "date": "2024-03-31T00:00:00",
      "quarter_label": "2024-03 (Q1)",
      "revenue": 1502000000,
      "gross_profit": null,
      "operating_income": null,
      "net_income": -113000000,
      "opex": 1652000000,
      "cogs": null,
      "rd": null,
      "sga": 397000000,
      "fcf": -87000000,
      "ocf": -79000000,
      "capex": -8000000,
      "gross_margin": null,
      "op_margin": null,
      "fcf_margin": -0.05792276964047936,
      "rev_growth_yoy": -0.12419825072886298,
      "rev_growth_yoy_accel": -0.03352334088857446,
      "fcf_margin_change": -0.2737867923033689
    },
    {
      "date": "2024-06-30T00:00:00",
      "quarter_label": "2024-06 (Q2)",
      "revenue": 1578000000,
      "gross_profit": null,
      "operating_income": null,
      "net_income": 18000000,
      "opex": 1553000000,
      "cogs": null,
      "rd": null,
      "sga": 393000000,
      "fcf": 117000000,
      "ocf": 123000000,
      "capex": -6000000,
      "gross_margin": null,
      "op_margin": null,
      "fcf_margin": 0.0741444866920152,
      "rev_growth_yoy": -0.10034207525655645,
      "rev_growth_yoy_accel": 0.023856175472306534,
      "op_leverage_ratio": Infinity,
      "fcf_margin_change": 0.13206725633249455
    },
    {
      "date": "2024-09-30T00:00:00",
      "quarter_label": "2024-09 (Q3)",
      "revenue": 1528000000,
      "gross_profit": null,
      "operating_income": null,
      "net_income": -1205000000,
      "opex": 2615000000,
      "cogs": null,
      "rd": null,
      "sga": 370000000,
      "fcf": 108000000,
      "ocf": 116000000,
      "capex": -8000000,
      "gross_margin": null,
      "op_margin": null,
      "fcf_margin": 0.07068062827225131,
      "rev_growth_yoy": -0.07506053268765134,
      "rev_growth_yoy_accel": 0.025281542568905108,
      "fcf_margin_change": -0.0034638584197638905
    },
    {
      "date": "2024-12-31T00:00:00",
      "quarter_label": "2024-12 (Q4)",
      "revenue": 1613000000,
      "gross_profit": null,
      "operating_income": null,
      "net_income": -21000000,
      "opex": 1617000000,
      "cogs": null,
      "rd": null,
      "sga": 377000000,
      "fcf": 346000000,
      "ocf": 351000000,
      "capex": -5000000,
      "gross_margin": null,
      "op_margin": null,
      "fcf_margin": 0.21450712957222567,
      "rev_growth_yoy": -0.08611898016997167,
      "rev_growth_yoy_accel": -0.011058447482320335,
      "op_leverage_ratio": Infinity,
      "fcf_margin_change": 0.14382650129997437
    },
    {
      "date": "2025-03-31T00:00:00",
      "quarter_label": "2025-03 (Q1)",
      "revenue": 1457000000,
      "gross_profit": null,
      "operating_income": null,
      "net_income": -90000000,
      "opex": 1524000000,
      "cogs": null,
      "rd": null,
      "sga": 378000000,
      "fcf": -94000000,
      "ocf": -89000000,
      "capex": -5000000,
      "gross_margin": null,
      "op_margin": null,
      "fcf_margin": -0.06451612903225806,
      "rev_growth_yoy": -0.02996005326231691,
      "rev_growth_yoy_accel": 0.05615892690765476,
      "fcf_margin_change": -0.27902325860448374
    },
    {
      "date": "2025-06-30T00:00:00",
      "quarter_label": "2025-06 (Q2)",
      "revenue": 1576000000,
      "gross_profit": null,
      "operating_income": null,
      "net_income": -106000000,
      "opex": 1636000000,
      "cogs": null,
      "rd": null,
      "sga": 368000000,
      "fcf": -15000000,
      "ocf": -11000000,
      "capex": -4000000,
      "gross_margin": null,
      "op_margin": null,
      "fcf_margin": -0.00951776649746193,
      "rev_growth_yoy": -0.0012674271229404308,
      "rev_growth_yoy_accel": 0.02869262613937648,
      "op_leverage_ratio": 1.1113589567604667,
      "fcf_margin_change": 0.05499836253479613
    },
    {
      "date": "2025-09-30T00:00:00",
      "quarter_label": "2025-09 (Q3)",
      "revenue": 1961000000,
      "gross_profit": null,
      "operating_income": null,
      "net_income": -760000000,
      "opex": 2261000000,
      "cogs": null,
      "rd": null,
      "sga": 477000000,
      "fcf": 104000000,
      "ocf": 116000000,
      "capex": -12000000,
      "gross_margin": null,
      "op_margin": null,
      "fcf_margin": 0.053034166241713414,
      "rev_growth_yoy": 0.2833769633507853,
      "rev_growth_yoy_accel": 0.28464439047372575,
      "op_leverage_ratio": 0.6394517766497462,
      "fcf_margin_change": 0.06255193273917534
    }
  ],
  "signals": [
    {
      "quarter": "2025-09 (Q3)",
      "signal": "FCF TURNED POSITIVE",
      "detail": "FCF margin: -1.0% -> +5.3%",
      "severity": "HIGH"
    },
    {
      "quarter": "2025-09 (Q3)",
      "signal": "YoY REVENUE GROWTH ACCELERATION",
      "detail": "YoY growth: +28.3% vs prior quarter YoY: -0.1% (accel: +28.5%)",
      "severity": "HIGH"
    },
    {
      "quarter": "2025-06 (Q2)",
      "signal": "FCF MARGIN EXPANSION",
      "detail": "FCF margin: -6.5% -> -1.0% (+5.5%)",
      "severity": "MEDIUM"
    },
    {
      "quarter": "2025-03 (Q1)",
      "signal": "YoY REVENUE GROWTH ACCELERATION",
      "detail": "YoY growth: -3.0% vs prior quarter YoY: -8.6% (accel: +5.6%)",
      "severity": "MEDIUM"
    },
    {
      "quarter": "2024-12 (Q4)",
      "signal": "FCF MARGIN EXPANSION",
      "detail": "FCF margin: +7.1% -> +21.5% (+14.4%)",
      "severity": "MEDIUM"
    },
    {
      "quarter": "2024-06 (Q2)",
      "signal": "FCF TURNED POSITIVE",
      "detail": "FCF margin: -5.8% -> +7.4%",
      "severity": "HIGH"
    },
    {
      "quarter": "2023-12 (Q4)",
      "signal": "FCF MARGIN EXPANSION",
      "detail": "FCF margin: +6.9% -> +21.6% (+14.7%)",
      "severity": "MEDIUM"
    },
    {
      "quarter": "2023-09 (Q3)",
      "signal": "YoY REVENUE GROWTH DECELERATION",
      "detail": "YoY growth: -5.7% vs prior quarter YoY: +0.4% (decel: -6.1%)",
      "severity": "WARNING"
    },
    {
      "quarter": "2023-03 (Q1)",
      "signal": "YoY REVENUE GROWTH DECELERATION",
      "detail": "YoY growth: +2.8% vs prior quarter YoY: +9.2% (decel: -6.4%)",
      "severity": "WARNING"
    },
    {
      "quarter": "2022-12 (Q4)",
      "signal": "FCF TURNED POSITIVE",
      "detail": "FCF margin: -0.7% -> +9.0%",
      "severity": "HIGH"
    },
    {
      "quarter": "2022-12 (Q4)",
      "signal": "YoY REVENUE GROWTH ACCELERATION",
      "detail": "YoY growth: +9.2% vs prior quarter YoY: -0.4% (accel: +9.6%)",
      "severity": "MEDIUM"
    },
    {
      "quarter": "2022-03 (Q1)",
      "signal": "YoY REVENUE GROWTH ACCELERATION",
      "detail": "YoY growth: -2.5% vs prior quarter YoY: -7.9% (accel: +5.5%)",
      "severity": "MEDIUM"
    },
    {
      "quarter": "2021-12 (Q4)",
      "signal": "FCF MARGIN EXPANSION",
      "detail": "FCF margin: +5.2% -> +10.7% (+5.5%)",
      "severity": "MEDIUM"
    },
    {
      "quarter": "2021-06 (Q2)",
      "signal": "FCF MARGIN EXPANSION",
      "detail": "FCF margin: +6.4% -> +11.7% (+5.3%)",
      "severity": "MEDIUM"
    },
    {
      "quarter": "2021-06 (Q2)",
      "signal": "OPERATING LEVERAGE",
      "detail": "Rev growth +4.9% vs OpEx growth +2.2% (leverage: 2.2x)",
      "severity": "MEDIUM"
    }
  ],
  "data_quality": {
    "n_quarters": 20,
    "coverage": {
      "revenue": [
        20,
        20
      ],
      "gross_profit": [
        0,
        20
      ],
      "op_income": [
        0,
        20
      ],
      "fcf": [
        20,
        20
      ]
    },
    "gaps": [],
    "warnings": [
      "gross_profit: no data",
      "op_income: no data"
    ]
  },
  "market_cap": null,
  "source": "SEC EDGAR",
  "last_updated": "2026-02-02T22:50:18.654782"
}