{
  "ticker": "YCBD",
  "name": "cbdMD, Inc.",
  "sector": "Healthcare",
  "industry": "Drug Manufacturers - Specialty & Generic",
  "quarters": [
    {
      "date": "2021-03-31T00:00:00",
      "quarter_label": "2021-03 (Q1)",
      "revenue": 11798611,
      "gross_profit": 8155484,
      "operating_income": -4167723,
      "net_income": -12510474,
      "opex": 12323207,
      "cogs": 3643127,
      "rd": null,
      "sga": null,
      "fcf": -2958981,
      "ocf": -2958981,
      "capex": null,
      "gross_margin": 0.6912240771392497,
      "op_margin": -0.35323844476269284,
      "fcf_margin": -0.25079062272669217
    },
    {
      "date": "2021-06-30T00:00:00",
      "quarter_label": "2021-06 (Q2)",
      "revenue": 10560523,
      "gross_profit": 7189571,
      "operating_income": -6675620,
      "net_income": 1537288,
      "opex": 13865191,
      "cogs": 3370952,
      "rd": null,
      "sga": null,
      "fcf": -4608254,
      "ocf": -4608254,
      "capex": null,
      "gross_margin": 0.6807968696247335,
      "op_margin": -0.6321296776684261,
      "fcf_margin": -0.43636607770278046,
      "fcf_margin_change": -0.1855754549760883
    },
    {
      "date": "2021-09-30T00:00:00",
      "quarter_label": "2021-09 (Q3)",
      "revenue": 9793327,
      "gross_profit": 5742617,
      "operating_income": -7012702,
      "net_income": -2917082,
      "opex": 12755319,
      "cogs": 4050710,
      "rd": null,
      "sga": null,
      "fcf": -4364601,
      "ocf": -4334160,
      "capex": -30441,
      "gross_margin": 0.5863806038540325,
      "op_margin": -0.716069421556127,
      "fcf_margin": -0.4456709144910611,
      "fcf_margin_change": -0.009304836788280646
    },
    {
      "date": "2021-12-31T00:00:00",
      "quarter_label": "2021-12 (Q4)",
      "revenue": 9321822,
      "gross_profit": 4993512,
      "operating_income": -25145057,
      "net_income": -19160904,
      "opex": 11955284,
      "cogs": 4328310,
      "rd": null,
      "sga": null,
      "fcf": -5699505,
      "ocf": -5468475,
      "capex": -231030,
      "gross_margin": 0.5356798273985494,
      "op_margin": -2.6974401570851705,
      "fcf_margin": -0.6114153434811349,
      "fcf_margin_change": -0.1657444289900738
    },
    {
      "date": "2022-03-31T00:00:00",
      "quarter_label": "2022-03 (Q1)",
      "revenue": 9628886,
      "gross_profit": 6442322,
      "operating_income": -5010378,
      "net_income": -4657215,
      "opex": 11452700,
      "cogs": 3186564,
      "rd": null,
      "sga": null,
      "fcf": -5344827,
      "ocf": -5202062,
      "capex": -142765,
      "gross_margin": 0.6690620285669598,
      "op_margin": -0.520348667540565,
      "fcf_margin": -0.555082592108786,
      "incr_op_margin_yoy": 0.38836949382986324,
      "rev_growth_yoy": -0.183896646817155,
      "op_leverage_ratio": null,
      "fcf_margin_change": 0.056332751372348944
    },
    {
      "date": "2022-06-30T00:00:00",
      "quarter_label": "2022-06 (Q2)",
      "revenue": 8592893,
      "gross_profit": 5932708,
      "operating_income": -33126659,
      "net_income": -31634143,
      "opex": 39059367,
      "cogs": 2660185,
      "rd": null,
      "sga": null,
      "fcf": -2459358,
      "ocf": -2370932,
      "capex": -88426,
      "gross_margin": 0.6904203275893229,
      "op_margin": -3.8551229486972547,
      "fcf_margin": -0.28620838174058494,
      "incr_op_margin_yoy": 13.443096008904114,
      "rev_growth_yoy": -0.18631937073571073,
      "rev_growth_yoy_accel": -0.0024227239185557192,
      "fcf_margin_change": 0.268874210368201
    },
    {
      "date": "2022-09-30T00:00:00",
      "quarter_label": "2022-09 (Q3)",
      "revenue": 7859623,
      "gross_profit": 4969069,
      "operating_income": -14983395,
      "net_income": -14631432,
      "opex": 19952464,
      "cogs": 2890554,
      "rd": null,
      "sga": null,
      "fcf": -2152140,
      "ocf": -1925681,
      "capex": -226459,
      "gross_margin": 0.6322273981843658,
      "op_margin": -1.9063757892713176,
      "fcf_margin": -0.27382229402097275,
      "incr_op_margin_yoy": 4.121981957941856,
      "rev_growth_yoy": -0.1974511828309215,
      "rev_growth_yoy_accel": -0.011131812095210775,
      "fcf_margin_change": 0.012386087719612193
    },
    {
      "date": "2022-12-31T00:00:00",
      "quarter_label": "2022-12 (Q4)",
      "revenue": 6085218,
      "gross_profit": 3567766,
      "operating_income": -4046181,
      "net_income": -3956062,
      "opex": 7613947,
      "cogs": 2517452,
      "rd": null,
      "sga": null,
      "fcf": -2241727,
      "ocf": -2064357,
      "capex": -177370,
      "gross_margin": 0.5863004414960976,
      "op_margin": -0.6649196462641108,
      "fcf_margin": -0.36838893857212673,
      "incr_op_margin_yoy": -6.518831466561865,
      "rev_growth_yoy": -0.34720723051781077,
      "rev_growth_yoy_accel": -0.14975604768688927,
      "fcf_margin_change": -0.09456664455115399
    },
    {
      "date": "2023-03-31T00:00:00",
      "quarter_label": "2023-03 (Q1)",
      "revenue": 6240020,
      "gross_profit": 4015508,
      "operating_income": -1400643,
      "net_income": -1336802,
      "opex": 5416151,
      "cogs": 2224512,
      "rd": null,
      "sga": null,
      "fcf": -1631230,
      "ocf": -1733620,
      "capex": 102390,
      "gross_margin": 0.6435088349075804,
      "op_margin": -0.22446129980352628,
      "fcf_margin": -0.2614142262364544,
      "incr_op_margin_yoy": -1.0651748992140735,
      "rev_growth_yoy": -0.35194787849809417,
      "rev_growth_yoy_accel": -0.004740647980283397,
      "op_leverage_ratio": null,
      "fcf_margin_change": 0.10697471233567235
    },
    {
      "date": "2023-06-30T00:00:00",
      "quarter_label": "2023-06 (Q2)",
      "revenue": 6119380,
      "gross_profit": 3845541,
      "operating_income": -1823653,
      "net_income": -1770404,
      "opex": 5669194,
      "cogs": 2273839,
      "rd": null,
      "sga": null,
      "fcf": -342962,
      "ocf": -240573,
      "capex": -102389,
      "gross_margin": 0.6284200360167207,
      "op_margin": -0.2980127071696806,
      "fcf_margin": -0.05604522026741271,
      "incr_op_margin_yoy": -12.65528258796295,
      "rev_growth_yoy": -0.2878556732872154,
      "rev_growth_yoy_accel": 0.06409220521087877,
      "fcf_margin_change": 0.20536900596904167
    },
    {
      "date": "2023-09-30T00:00:00",
      "quarter_label": "2023-09 (Q3)",
      "revenue": 5710745,
      "gross_profit": 3548845,
      "operating_income": -15217070,
      "net_income": -15874941,
      "opex": 18765915,
      "cogs": 2161900,
      "rd": null,
      "sga": null,
      "fcf": -383681,
      "ocf": -263501,
      "capex": -120180,
      "gross_margin": 0.6214329303794864,
      "op_margin": -2.6646383265230718,
      "fcf_margin": -0.06718580500442586,
      "incr_op_margin_yoy": 0.10874279507724496,
      "rev_growth_yoy": -0.27340726139154514,
      "rev_growth_yoy_accel": 0.014448411895670255,
      "fcf_margin_change": -0.011140584737013154
    },
    {
      "date": "2023-12-31T00:00:00",
      "quarter_label": "2023-12 (Q4)",
      "revenue": 5375405,
      "gross_profit": 3557498,
      "operating_income": -1065835,
      "net_income": -996501,
      "opex": 4623333,
      "cogs": 1817907,
      "rd": null,
      "sga": null,
      "fcf": -290515,
      "ocf": -105880,
      "capex": -184635,
      "gross_margin": 0.661810226392244,
      "op_margin": -0.19827994355774123,
      "fcf_margin": -0.05404523008033813,
      "rev_growth_yoy": -0.11664545132154674,
      "rev_growth_yoy_accel": 0.1567618100699984,
      "fcf_margin_change": 0.013140574924087732
    },
    {
      "date": "2024-03-31T00:00:00",
      "quarter_label": "2024-03 (Q1)",
      "revenue": 4376518,
      "gross_profit": 2580728,
      "operating_income": -1550991,
      "net_income": -3010562,
      "opex": 4131719,
      "cogs": 1795790,
      "rd": null,
      "sga": null,
      "fcf": -699448,
      "ocf": -704068,
      "capex": 4620,
      "gross_margin": 0.5896760849606925,
      "op_margin": -0.35438926562166545,
      "fcf_margin": -0.15981837616113997,
      "incr_op_margin_yoy": 0.08068035344206767,
      "rev_growth_yoy": -0.29863718385517996,
      "rev_growth_yoy_accel": -0.1819917325336332,
      "fcf_margin_change": -0.10577314608080185
    },
    {
      "date": "2024-06-30T00:00:00",
      "quarter_label": "2024-06 (Q2)",
      "revenue": 5173878,
      "gross_profit": 3403514,
      "operating_income": -382028,
      "net_income": 459737,
      "opex": 3785542,
      "cogs": 1770364,
      "rd": null,
      "sga": null,
      "fcf": 289779,
      "ocf": 289779,
      "capex": null,
      "gross_margin": 0.6578264891441198,
      "op_margin": -0.07383784464960326,
      "fcf_margin": 0.05600808523123274,
      "rev_growth_yoy": -0.15450944376717904,
      "rev_growth_yoy_accel": 0.14412774008800092,
      "op_leverage_ratio": null,
      "fcf_margin_change": 0.21582646139237271
    },
    {
      "date": "2024-09-30T00:00:00",
      "quarter_label": "2024-09 (Q3)",
      "revenue": 4556366,
      "gross_profit": 2453801,
      "operating_income": -316555,
      "net_income": -152798,
      "opex": 2770356,
      "cogs": 2102565,
      "rd": null,
      "sga": null,
      "fcf": 157377,
      "ocf": 167377,
      "capex": -10000,
      "gross_margin": 0.5385434357117054,
      "op_margin": -0.06947532309739823,
      "fcf_margin": 0.034540025976842074,
      "incr_op_margin_yoy": -12.907818835928236,
      "rev_growth_yoy": -0.20214157697463292,
      "rev_growth_yoy_accel": -0.04763213320745388,
      "fcf_margin_change": -0.021468059254390666
    },
    {
      "date": "2024-12-31T00:00:00",
      "quarter_label": "2024-12 (Q4)",
      "revenue": 5113476,
      "gross_profit": 3400609,
      "operating_income": -86272,
      "net_income": 15095,
      "opex": 3486881,
      "cogs": 1712867,
      "rd": null,
      "sga": null,
      "fcf": -482336,
      "ocf": -317949,
      "capex": -164387,
      "gross_margin": 0.665028837526567,
      "op_margin": -0.016871497979065512,
      "fcf_margin": -0.09432644252168193,
      "rev_growth_yoy": -0.048727305198399004,
      "rev_growth_yoy_accel": 0.1534142717762339,
      "op_leverage_ratio": 0.47274460866004636,
      "fcf_margin_change": -0.128866468498524
    },
    {
      "date": "2025-03-31T00:00:00",
      "quarter_label": "2025-03 (Q1)",
      "revenue": 4749426,
      "gross_profit": 2959364,
      "operating_income": -485816,
      "net_income": -480757,
      "opex": 3445180,
      "cogs": 1790062,
      "rd": null,
      "sga": null,
      "fcf": -204983,
      "ocf": -189477,
      "capex": -15506,
      "gross_margin": 0.6230992966307929,
      "op_margin": -0.10228941349965238,
      "fcf_margin": -0.0431595312780955,
      "rev_growth_yoy": 0.08520655004732072,
      "rev_growth_yoy_accel": 0.1339338552457197,
      "fcf_margin_change": 0.05116691124358643
    },
    {
      "date": "2025-06-30T00:00:00",
      "quarter_label": "2025-06 (Q2)",
      "revenue": 4606796,
      "gross_profit": 2831087,
      "operating_income": -904686,
      "net_income": -895272,
      "opex": 3735773,
      "cogs": 1775709,
      "rd": null,
      "sga": null,
      "fcf": -705675,
      "ocf": -704200,
      "capex": -1475,
      "gross_margin": 0.6145457710738657,
      "op_margin": -0.19638073837000813,
      "fcf_margin": -0.1531812999750803,
      "rev_growth_yoy": -0.10960482639907629,
      "rev_growth_yoy_accel": -0.194811376446397,
      "fcf_margin_change": -0.1100217686969848
    },
    {
      "date": "2025-09-30T00:00:00",
      "quarter_label": "2025-09 (Q3)",
      "revenue": 4720770,
      "gross_profit": 2777195,
      "operating_income": -685816,
      "net_income": -679968,
      "opex": 3463011,
      "cogs": 1943575,
      "rd": null,
      "sga": null,
      "fcf": -243553,
      "ocf": -240749,
      "capex": -2804,
      "gross_margin": 0.5882927996915758,
      "op_margin": -0.14527630026457547,
      "fcf_margin": -0.05159179540625788,
      "rev_growth_yoy": 0.036082263804093,
      "rev_growth_yoy_accel": 0.14568709020316928,
      "op_leverage_ratio": null,
      "fcf_margin_change": 0.1015895045688224
    },
    {
      "date": "2025-12-31T00:00:00",
      "quarter_label": "2025-12 (Q4)",
      "revenue": 5016904,
      "gross_profit": 3001294,
      "operating_income": -286288,
      "net_income": -283131,
      "opex": 3287582,
      "cogs": 2015610,
      "rd": null,
      "sga": null,
      "fcf": -977266,
      "ocf": -812464,
      "capex": -164802,
      "gross_margin": 0.5982362827751936,
      "op_margin": -0.05706467574424386,
      "fcf_margin": -0.1947946382868797,
      "rev_growth_yoy": -0.01888578336927757,
      "rev_growth_yoy_accel": -0.05496804717337057,
      "op_leverage_ratio": null,
      "fcf_margin_change": -0.14320284288062182
    }
  ],
  "signals": [
    {
      "quarter": "2025-12 (Q4)",
      "signal": "YoY REVENUE GROWTH DECELERATION",
      "detail": "YoY growth: -1.9% vs prior quarter YoY: +3.6% (decel: -5.5%)",
      "severity": "WARNING"
    },
    {
      "quarter": "2025-09 (Q3)",
      "signal": "FCF MARGIN EXPANSION",
      "detail": "FCF margin: -15.3% -> -5.2% (+10.2%)",
      "severity": "MEDIUM"
    },
    {
      "quarter": "2025-09 (Q3)",
      "signal": "YoY REVENUE GROWTH ACCELERATION",
      "detail": "YoY growth: +3.6% vs prior quarter YoY: -11.0% (accel: +14.6%)",
      "severity": "MEDIUM"
    },
    {
      "quarter": "2025-06 (Q2)",
      "signal": "YoY REVENUE GROWTH DECELERATION",
      "detail": "YoY growth: -11.0% vs prior quarter YoY: +8.5% (decel: -19.5%)",
      "severity": "WARNING"
    },
    {
      "quarter": "2025-03 (Q1)",
      "signal": "FCF MARGIN EXPANSION",
      "detail": "FCF margin: -9.4% -> -4.3% (+5.1%)",
      "severity": "MEDIUM"
    },
    {
      "quarter": "2025-03 (Q1)",
      "signal": "YoY REVENUE GROWTH ACCELERATION",
      "detail": "YoY growth: +8.5% vs prior quarter YoY: -4.9% (accel: +13.4%)",
      "severity": "MEDIUM"
    },
    {
      "quarter": "2024-12 (Q4)",
      "signal": "GROSS MARGIN INFLECTION",
      "detail": "GM: +65.8% -> +53.9% -> +66.5% (reversal +12.6%)",
      "severity": "HIGH"
    },
    {
      "quarter": "2024-12 (Q4)",
      "signal": "YoY REVENUE GROWTH ACCELERATION",
      "detail": "YoY growth: -4.9% vs prior quarter YoY: -20.2% (accel: +15.3%)",
      "severity": "HIGH"
    },
    {
      "quarter": "2024-06 (Q2)",
      "signal": "FCF TURNED POSITIVE",
      "detail": "FCF margin: -16.0% -> +5.6%",
      "severity": "HIGH"
    },
    {
      "quarter": "2024-06 (Q2)",
      "signal": "GROSS MARGIN INFLECTION",
      "detail": "GM: +66.2% -> +59.0% -> +65.8% (reversal +6.8%)",
      "severity": "HIGH"
    },
    {
      "quarter": "2024-06 (Q2)",
      "signal": "YoY REVENUE GROWTH ACCELERATION",
      "detail": "YoY growth: -15.5% vs prior quarter YoY: -29.9% (accel: +14.4%)",
      "severity": "MEDIUM"
    },
    {
      "quarter": "2024-03 (Q1)",
      "signal": "YoY REVENUE GROWTH DECELERATION",
      "detail": "YoY growth: -29.9% vs prior quarter YoY: -11.7% (decel: -18.2%)",
      "severity": "WARNING"
    },
    {
      "quarter": "2023-12 (Q4)",
      "signal": "GROSS MARGIN INFLECTION",
      "detail": "GM: +62.8% -> +62.1% -> +66.2% (reversal +4.0%)",
      "severity": "MEDIUM"
    },
    {
      "quarter": "2023-12 (Q4)",
      "signal": "YoY REVENUE GROWTH ACCELERATION",
      "detail": "YoY growth: -11.7% vs prior quarter YoY: -27.3% (accel: +15.7%)",
      "severity": "HIGH"
    },
    {
      "quarter": "2023-06 (Q2)",
      "signal": "FCF MARGIN EXPANSION",
      "detail": "FCF margin: -26.1% -> -5.6% (+20.5%)",
      "severity": "MEDIUM"
    },
    {
      "quarter": "2023-06 (Q2)",
      "signal": "YoY REVENUE GROWTH ACCELERATION",
      "detail": "YoY growth: -28.8% vs prior quarter YoY: -35.2% (accel: +6.4%)",
      "severity": "MEDIUM"
    },
    {
      "quarter": "2023-03 (Q1)",
      "signal": "FCF MARGIN EXPANSION",
      "detail": "FCF margin: -36.8% -> -26.1% (+10.7%)",
      "severity": "MEDIUM"
    },
    {
      "quarter": "2023-03 (Q1)",
      "signal": "GROSS MARGIN INFLECTION",
      "detail": "GM: +63.2% -> +58.6% -> +64.4% (reversal +5.7%)",
      "severity": "HIGH"
    },
    {
      "quarter": "2022-12 (Q4)",
      "signal": "YoY REVENUE GROWTH DECELERATION",
      "detail": "YoY growth: -34.7% vs prior quarter YoY: -19.7% (decel: -15.0%)",
      "severity": "WARNING"
    },
    {
      "quarter": "2022-06 (Q2)",
      "signal": "FCF MARGIN EXPANSION",
      "detail": "FCF margin: -55.5% -> -28.6% (+26.9%)",
      "severity": "MEDIUM"
    },
    {
      "quarter": "2022-03 (Q1)",
      "signal": "FCF MARGIN EXPANSION",
      "detail": "FCF margin: -61.1% -> -55.5% (+5.6%)",
      "severity": "MEDIUM"
    },
    {
      "quarter": "2022-03 (Q1)",
      "signal": "GROSS MARGIN INFLECTION",
      "detail": "GM: +58.6% -> +53.6% -> +66.9% (reversal +13.3%)",
      "severity": "HIGH"
    }
  ],
  "data_quality": {
    "n_quarters": 20,
    "coverage": {
      "revenue": [
        20,
        20
      ],
      "gross_profit": [
        20,
        20
      ],
      "op_income": [
        20,
        20
      ],
      "fcf": [
        20,
        20
      ]
    },
    "gaps": [],
    "warnings": []
  },
  "market_cap": null,
  "source": "SEC EDGAR",
  "last_updated": "2026-02-24T10:34:35.175874"
}