{
  "ticker": "YELP",
  "name": "YELP INC.",
  "quarters": [
    {
      "date": "2020-12-31T00:00:00",
      "quarter_label": "2020-12 (Q4)",
      "revenue": 233195000,
      "gross_profit": 217874000,
      "operating_income": 14479000,
      "net_income": 21089000,
      "opex": 218716000,
      "cogs": 15321000,
      "rd": 55996000,
      "sga": null,
      "fcf": 40386000,
      "ocf": 48316000,
      "capex": -7930000,
      "gross_margin": 0.93429962048929,
      "op_margin": 0.06208966744569995,
      "fcf_margin": 0.1731855314222003
    },
    {
      "date": "2021-03-31T00:00:00",
      "quarter_label": "2021-03 (Q1)",
      "revenue": 232096000,
      "gross_profit": 217222000,
      "operating_income": -8643000,
      "net_income": -5796000,
      "opex": 240739000,
      "cogs": 14874000,
      "rd": 67992000,
      "sga": null,
      "fcf": 52926000,
      "ocf": 58931000,
      "capex": -6005000,
      "gross_margin": 0.9359144491934372,
      "op_margin": -0.03723890114435406,
      "fcf_margin": 0.22803495105473598,
      "fcf_margin_change": 0.05484941963253567
    },
    {
      "date": "2021-06-30T00:00:00",
      "quarter_label": "2021-06 (Q2)",
      "revenue": 257188000,
      "gross_profit": 239195000,
      "operating_income": -1081000,
      "net_income": 4212000,
      "opex": 258269000,
      "cogs": 17993000,
      "rd": 68695000,
      "sga": null,
      "fcf": 42895000,
      "ocf": 50176000,
      "capex": -7281000,
      "gross_margin": 0.9300395041759335,
      "op_margin": -0.004203151002379582,
      "fcf_margin": 0.16678460892421107,
      "op_leverage_ratio": 1.4846776102403954,
      "fcf_margin_change": -0.06125034213052491
    },
    {
      "date": "2021-09-30T00:00:00",
      "quarter_label": "2021-09 (Q3)",
      "revenue": 269155000,
      "gross_profit": 247970000,
      "operating_income": 21645000,
      "net_income": 18065000,
      "opex": 247510000,
      "cogs": 21185000,
      "rd": 69402000,
      "sga": null,
      "fcf": 50314000,
      "ocf": 58628000,
      "capex": -8314000,
      "gross_margin": 0.9212907060987163,
      "op_margin": 0.08041834630603184,
      "fcf_margin": 0.18693317976630566,
      "op_leverage_ratio": Infinity,
      "fcf_margin_change": 0.020148570842094593
    },
    {
      "date": "2021-12-31T00:00:00",
      "quarter_label": "2021-12 (Q4)",
      "revenue": 273400000,
      "gross_profit": 249355000,
      "operating_income": 19593000,
      "net_income": 23190000,
      "opex": 253807000,
      "cogs": 24045000,
      "rd": 59111000,
      "sga": null,
      "fcf": 38238000,
      "ocf": 44920000,
      "capex": -6682000,
      "gross_margin": 0.9120519385515727,
      "op_margin": 0.07166422823701536,
      "fcf_margin": 0.13986100950987565,
      "incr_op_margin_yoy": 0.12719810968784978,
      "rev_growth_yoy": 0.17240935697592144,
      "op_leverage_ratio": 0.6199180752629657,
      "fcf_margin_change": -0.04707217025643001
    },
    {
      "date": "2022-03-31T00:00:00",
      "quarter_label": "2022-03 (Q1)",
      "revenue": 276628000,
      "gross_profit": 253199000,
      "operating_income": -4456000,
      "net_income": -915000,
      "opex": 281084000,
      "cogs": 23429000,
      "rd": null,
      "sga": null,
      "fcf": 53267000,
      "ocf": 59903000,
      "capex": -6636000,
      "gross_margin": 0.9153050305825875,
      "op_margin": -0.016108275373425684,
      "fcf_margin": 0.1925582370548173,
      "incr_op_margin_yoy": 0.09402227611605138,
      "rev_growth_yoy": 0.1918688818419964,
      "rev_growth_yoy_accel": 0.019459524866074968,
      "op_leverage_ratio": 0.10986061045022967,
      "fcf_margin_change": 0.05269722754494166
    },
    {
      "date": "2022-06-30T00:00:00",
      "quarter_label": "2022-06 (Q2)",
      "revenue": 298884000,
      "gross_profit": 271896000,
      "operating_income": 16001000,
      "net_income": 8009000,
      "opex": 282883000,
      "cogs": 26988000,
      "rd": null,
      "sga": null,
      "fcf": 10467000,
      "ocf": 18329000,
      "capex": -7862000,
      "gross_margin": 0.909704099249207,
      "op_margin": 0.053535819916757,
      "fcf_margin": 0.03502027542457944,
      "incr_op_margin_yoy": 0.4096795855717575,
      "rev_growth_yoy": 0.1621226495792961,
      "rev_growth_yoy_accel": -0.029746232262700317,
      "op_leverage_ratio": 12.570597985942724,
      "fcf_margin_change": -0.15753796163023787
    },
    {
      "date": "2022-09-30T00:00:00",
      "quarter_label": "2022-09 (Q3)",
      "revenue": 308891000,
      "gross_profit": 282086000,
      "operating_income": 13424000,
      "net_income": 9108000,
      "opex": 295467000,
      "cogs": 26805000,
      "rd": null,
      "sga": null,
      "fcf": 63998000,
      "ocf": 69604000,
      "capex": -5606000,
      "gross_margin": 0.91322181610989,
      "op_margin": 0.043458695785892114,
      "fcf_margin": 0.2071863537623304,
      "incr_op_margin_yoy": -0.20689047714918463,
      "rev_growth_yoy": 0.14763240511972656,
      "rev_growth_yoy_accel": -0.014490244459569535,
      "op_leverage_ratio": 0.752643599022013,
      "fcf_margin_change": 0.17216607833775097
    },
    {
      "date": "2022-12-31T00:00:00",
      "quarter_label": "2022-12 (Q4)",
      "revenue": 309103000,
      "gross_profit": 280620000,
      "operating_income": 33384000,
      "net_income": 20145000,
      "opex": 275719000,
      "cogs": 28483000,
      "rd": null,
      "sga": null,
      "fcf": 32598000,
      "ocf": 44473000,
      "capex": -11875000,
      "gross_margin": 0.907852722231748,
      "op_margin": 0.10800283400678738,
      "fcf_margin": 0.10545999230030119,
      "incr_op_margin_yoy": 0.38627006133938324,
      "rev_growth_yoy": 0.13058888076079006,
      "rev_growth_yoy_accel": -0.017043524358936496,
      "fcf_margin_change": -0.10172636146202922
    },
    {
      "date": "2023-03-31T00:00:00",
      "quarter_label": "2023-03 (Q1)",
      "revenue": 312438000,
      "gross_profit": 286379000,
      "operating_income": -6587000,
      "net_income": -1178000,
      "opex": 319025000,
      "cogs": 26059000,
      "rd": null,
      "sga": null,
      "fcf": 66726000,
      "ocf": 74244000,
      "capex": -7518000,
      "gross_margin": 0.916594652379032,
      "op_margin": -0.02108258278442443,
      "fcf_margin": 0.2135655714093676,
      "incr_op_margin_yoy": -0.05950851717397375,
      "rev_growth_yoy": 0.12945182700232805,
      "rev_growth_yoy_accel": -0.0011370537584620144,
      "op_leverage_ratio": 0.06869280350499617,
      "fcf_margin_change": 0.10810557910906642
    },
    {
      "date": "2023-06-30T00:00:00",
      "quarter_label": "2023-06 (Q2)",
      "revenue": 337126000,
      "gross_profit": 306942000,
      "operating_income": 18742000,
      "net_income": 14729000,
      "opex": 318384000,
      "cogs": 30184000,
      "rd": null,
      "sga": null,
      "fcf": 40372000,
      "ocf": 48007000,
      "capex": -7635000,
      "gross_margin": 0.9104667097761667,
      "op_margin": 0.05559345763898364,
      "fcf_margin": 0.11975344529938362,
      "incr_op_margin_yoy": 0.0716751215940589,
      "rev_growth_yoy": 0.12794930474699215,
      "rev_growth_yoy_accel": -0.0015025222553358974,
      "op_leverage_ratio": Infinity,
      "fcf_margin_change": -0.09381212610998399
    },
    {
      "date": "2023-09-30T00:00:00",
      "quarter_label": "2023-09 (Q3)",
      "revenue": 345122000,
      "gross_profit": 316752000,
      "operating_income": 41873000,
      "net_income": 58216000,
      "opex": 303249000,
      "cogs": 28370000,
      "rd": null,
      "sga": null,
      "fcf": 99162000,
      "ocf": 104859000,
      "capex": -5697000,
      "gross_margin": 0.9177971847636488,
      "op_margin": 0.12132811005963108,
      "fcf_margin": 0.2873244823569636,
      "incr_op_margin_yoy": 0.7852115591620435,
      "rev_growth_yoy": 0.11729380266825515,
      "rev_growth_yoy_accel": -0.010655502078737,
      "op_leverage_ratio": Infinity,
      "fcf_margin_change": 0.16757103705758
    },
    {
      "date": "2023-12-31T00:00:00",
      "quarter_label": "2023-12 (Q4)",
      "revenue": 342376000,
      "gross_profit": 312760000,
      "operating_income": 25015000,
      "net_income": 27406000,
      "opex": 317361000,
      "cogs": 29616000,
      "rd": null,
      "sga": null,
      "fcf": 73173000,
      "ocf": 79170000,
      "capex": -5997000,
      "gross_margin": 0.9134986097156342,
      "op_margin": 0.0730629483375003,
      "fcf_margin": 0.21372117204476948,
      "incr_op_margin_yoy": -0.2515252607219067,
      "rev_growth_yoy": 0.10764373040701643,
      "rev_growth_yoy_accel": -0.00965007226123872,
      "fcf_margin_change": -0.07360331031219414
    },
    {
      "date": "2024-03-31T00:00:00",
      "quarter_label": "2024-03 (Q1)",
      "revenue": 332752000,
      "gross_profit": 305397000,
      "operating_income": 11217000,
      "net_income": 14154000,
      "opex": 321535000,
      "cogs": 27355000,
      "rd": null,
      "sga": null,
      "fcf": 65868000,
      "ocf": 72855000,
      "capex": -6987000,
      "gross_margin": 0.9177916286002789,
      "op_margin": 0.03370978987353945,
      "fcf_margin": 0.19794922344568927,
      "incr_op_margin_yoy": 0.8764398936693906,
      "rev_growth_yoy": 0.0650176995115831,
      "rev_growth_yoy_accel": -0.042626030895433334,
      "fcf_margin_change": -0.01577194859908021
    },
    {
      "date": "2024-06-30T00:00:00",
      "quarter_label": "2024-06 (Q2)",
      "revenue": 357016000,
      "gross_profit": 326339000,
      "operating_income": 39747000,
      "net_income": 38036000,
      "opex": 317269000,
      "cogs": 30677000,
      "rd": null,
      "sga": null,
      "fcf": 30102000,
      "ocf": 39689000,
      "capex": -9587000,
      "gross_margin": 0.9140738790418357,
      "op_margin": 0.111331144822641,
      "fcf_margin": 0.08431554888296323,
      "incr_op_margin_yoy": 1.0560583207642031,
      "rev_growth_yoy": 0.05899871264749678,
      "rev_growth_yoy_accel": -0.006018986864086313,
      "op_leverage_ratio": Infinity,
      "fcf_margin_change": -0.11363367456272604
    },
    {
      "date": "2024-09-30T00:00:00",
      "quarter_label": "2024-09 (Q3)",
      "revenue": 360344000,
      "gross_profit": 327962000,
      "operating_income": 46652000,
      "net_income": 38440000,
      "opex": 313692000,
      "cogs": 32382000,
      "rd": null,
      "sga": null,
      "fcf": 92535000,
      "ocf": 102298000,
      "capex": -9763000,
      "gross_margin": 0.9101358701685056,
      "op_margin": 0.12946517771906846,
      "fcf_margin": 0.2567962835512732,
      "incr_op_margin_yoy": 0.313953488372093,
      "rev_growth_yoy": 0.04410614217581029,
      "rev_growth_yoy_accel": -0.01489257047168649,
      "fcf_margin_change": 0.17248073466831
    },
    {
      "date": "2024-12-31T00:00:00",
      "quarter_label": "2024-12 (Q4)",
      "revenue": 361952000,
      "gross_profit": 328682000,
      "operating_income": 53429000,
      "net_income": 42220000,
      "opex": 308523000,
      "cogs": 33270000,
      "rd": null,
      "sga": null,
      "fcf": 59963000,
      "ocf": 70973000,
      "capex": -11010000,
      "gross_margin": 0.9080817345946424,
      "op_margin": 0.14761349571213864,
      "fcf_margin": 0.16566561311997172,
      "incr_op_margin_yoy": 1.451471189211279,
      "rev_growth_yoy": 0.05717690492324228,
      "rev_growth_yoy_accel": 0.013070762747431991,
      "fcf_margin_change": -0.09113067043130149
    },
    {
      "date": "2025-03-31T00:00:00",
      "quarter_label": "2025-03 (Q1)",
      "revenue": 358534000,
      "gross_profit": 323706000,
      "operating_income": 29460000,
      "net_income": 24391000,
      "opex": 329074000,
      "cogs": 34828000,
      "rd": null,
      "sga": null,
      "fcf": 87464000,
      "ocf": 97995000,
      "capex": -10531000,
      "gross_margin": 0.9028599798066571,
      "op_margin": 0.08216793944228441,
      "fcf_margin": 0.24394896997216442,
      "incr_op_margin_yoy": 0.7075866883872469,
      "rev_growth_yoy": 0.07748112708563736,
      "rev_growth_yoy_accel": 0.020304222162395073,
      "fcf_margin_change": 0.0782833568521927
    },
    {
      "date": "2025-06-30T00:00:00",
      "quarter_label": "2025-06 (Q2)",
      "revenue": 370394000,
      "gross_profit": 334947000,
      "operating_income": 53290000,
      "net_income": 44089000,
      "opex": 317104000,
      "cogs": 35447000,
      "rd": null,
      "sga": null,
      "fcf": 45010000,
      "ocf": 58034000,
      "capex": -13024000,
      "gross_margin": 0.9042992057106757,
      "op_margin": 0.14387382085022976,
      "fcf_margin": 0.1215192470720368,
      "incr_op_margin_yoy": 1.0123336821647482,
      "rev_growth_yoy": 0.03747170995137473,
      "rev_growth_yoy_accel": -0.04000941713426263,
      "op_leverage_ratio": Infinity,
      "fcf_margin_change": -0.12242972290012762
    },
    {
      "date": "2025-09-30T00:00:00",
      "quarter_label": "2025-09 (Q3)",
      "revenue": 376038000,
      "gross_profit": 339750000,
      "operating_income": 52885000,
      "net_income": 39324000,
      "opex": 323153000,
      "cogs": 36288000,
      "rd": null,
      "sga": null,
      "fcf": 118937000,
      "ocf": 131518000,
      "capex": -12581000,
      "gross_margin": 0.9034991144511991,
      "op_margin": 0.14063738239220505,
      "fcf_margin": 0.3162898430477771,
      "incr_op_margin_yoy": 0.3971581496113164,
      "rev_growth_yoy": 0.043552827298359346,
      "rev_growth_yoy_accel": 0.006081117346984619,
      "op_leverage_ratio": 0.7988057786611512,
      "fcf_margin_change": 0.19477059597574026
    }
  ],
  "signals": [
    {
      "quarter": "2025-09 (Q3)",
      "signal": "FCF MARGIN EXPANSION",
      "detail": "FCF margin: +12.2% -> +31.6% (+19.5%)",
      "severity": "MEDIUM"
    },
    {
      "quarter": "2025-09 (Q3)",
      "signal": "INCREMENTAL MARGIN (YoY)",
      "detail": "YoY Incr OPM: +39.7% vs year-ago OPM: +12.9%",
      "severity": "HIGH"
    },
    {
      "quarter": "2025-06 (Q2)",
      "signal": "INCREMENTAL MARGIN (YoY)",
      "detail": "YoY Incr OPM: +101.2% vs year-ago OPM: +11.1%",
      "severity": "HIGH"
    },
    {
      "quarter": "2025-03 (Q1)",
      "signal": "FCF MARGIN EXPANSION",
      "detail": "FCF margin: +16.6% -> +24.4% (+7.8%)",
      "severity": "MEDIUM"
    },
    {
      "quarter": "2025-03 (Q1)",
      "signal": "INCREMENTAL MARGIN (YoY)",
      "detail": "YoY Incr OPM: +70.8% vs year-ago OPM: +3.4%",
      "severity": "HIGH"
    },
    {
      "quarter": "2024-12 (Q4)",
      "signal": "INCREMENTAL MARGIN (YoY)",
      "detail": "YoY Incr OPM: +145.1% vs year-ago OPM: +7.3%",
      "severity": "HIGH"
    },
    {
      "quarter": "2024-09 (Q3)",
      "signal": "FCF MARGIN EXPANSION",
      "detail": "FCF margin: +8.4% -> +25.7% (+17.2%)",
      "severity": "MEDIUM"
    },
    {
      "quarter": "2024-09 (Q3)",
      "signal": "INCREMENTAL MARGIN (YoY)",
      "detail": "YoY Incr OPM: +31.4% vs year-ago OPM: +12.1%",
      "severity": "MEDIUM"
    },
    {
      "quarter": "2024-06 (Q2)",
      "signal": "INCREMENTAL MARGIN (YoY)",
      "detail": "YoY Incr OPM: +105.6% vs year-ago OPM: +5.6%",
      "severity": "HIGH"
    },
    {
      "quarter": "2024-03 (Q1)",
      "signal": "OP MARGIN TURNED POSITIVE (YoY)",
      "detail": "Op margin: -2.1% (year-ago) -> +3.4%",
      "severity": "HIGH"
    },
    {
      "quarter": "2023-09 (Q3)",
      "signal": "FCF MARGIN EXPANSION",
      "detail": "FCF margin: +12.0% -> +28.7% (+16.8%)",
      "severity": "MEDIUM"
    },
    {
      "quarter": "2023-09 (Q3)",
      "signal": "INCREMENTAL MARGIN (YoY)",
      "detail": "YoY Incr OPM: +78.5% vs year-ago OPM: +4.3%",
      "severity": "HIGH"
    },
    {
      "quarter": "2023-06 (Q2)",
      "signal": "OP MARGIN TURNED POSITIVE (QoQ)",
      "detail": "Op margin: -2.1% -> +5.6%",
      "severity": "HIGH"
    },
    {
      "quarter": "2023-03 (Q1)",
      "signal": "FCF MARGIN EXPANSION",
      "detail": "FCF margin: +10.5% -> +21.4% (+10.8%)",
      "severity": "MEDIUM"
    },
    {
      "quarter": "2022-12 (Q4)",
      "signal": "INCREMENTAL MARGIN (YoY)",
      "detail": "YoY Incr OPM: +38.6% vs year-ago OPM: +7.2%",
      "severity": "HIGH"
    },
    {
      "quarter": "2022-09 (Q3)",
      "signal": "FCF MARGIN EXPANSION",
      "detail": "FCF margin: +3.5% -> +20.7% (+17.2%)",
      "severity": "MEDIUM"
    },
    {
      "quarter": "2022-06 (Q2)",
      "signal": "OPERATING LEVERAGE",
      "detail": "Rev growth +8.0% vs OpEx growth +0.6% (leverage: 12.6x)",
      "severity": "MEDIUM"
    },
    {
      "quarter": "2022-06 (Q2)",
      "signal": "OP MARGIN TURNED POSITIVE (YoY)",
      "detail": "Op margin: -0.4% (year-ago) -> +5.4%",
      "severity": "HIGH"
    },
    {
      "quarter": "2022-06 (Q2)",
      "signal": "OP MARGIN TURNED POSITIVE (QoQ)",
      "detail": "Op margin: -1.6% -> +5.4%",
      "severity": "HIGH"
    },
    {
      "quarter": "2022-03 (Q1)",
      "signal": "FCF MARGIN EXPANSION",
      "detail": "FCF margin: +14.0% -> +19.3% (+5.3%)",
      "severity": "MEDIUM"
    },
    {
      "quarter": "2021-09 (Q3)",
      "signal": "OP MARGIN TURNED POSITIVE (QoQ)",
      "detail": "Op margin: -0.4% -> +8.0%",
      "severity": "HIGH"
    },
    {
      "quarter": "2021-03 (Q1)",
      "signal": "FCF MARGIN EXPANSION",
      "detail": "FCF margin: +17.3% -> +22.8% (+5.5%)",
      "severity": "MEDIUM"
    }
  ],
  "data_quality": {
    "n_quarters": 20,
    "coverage": {
      "revenue": [
        20,
        20
      ],
      "gross_profit": [
        20,
        20
      ],
      "op_income": [
        20,
        20
      ],
      "fcf": [
        20,
        20
      ]
    },
    "gaps": [],
    "warnings": []
  },
  "market_cap": null,
  "source": "SEC EDGAR",
  "last_updated": "2026-02-02T21:42:46.014606"
}