{
  "ticker": "YORW",
  "name": "YORK WATER CO",
  "quarters": [
    {
      "date": "2020-12-31T00:00:00",
      "quarter_label": "2020-12 (Q4)",
      "revenue": 13398000,
      "gross_profit": null,
      "operating_income": 5501000,
      "net_income": 3710000,
      "opex": null,
      "cogs": null,
      "rd": null,
      "sga": null,
      "fcf": 3929000,
      "ocf": 3929000,
      "capex": null,
      "gross_margin": null,
      "op_margin": 0.41058366920435885,
      "fcf_margin": 0.29325272428720706
    },
    {
      "date": "2021-03-31T00:00:00",
      "quarter_label": "2021-03 (Q1)",
      "revenue": 13081000,
      "gross_profit": null,
      "operating_income": 5354000,
      "net_income": 3705000,
      "opex": null,
      "cogs": null,
      "rd": null,
      "sga": null,
      "fcf": 6597000,
      "ocf": 6597000,
      "capex": null,
      "gross_margin": null,
      "op_margin": 0.4092959253879673,
      "fcf_margin": 0.5043192416481921,
      "fcf_margin_change": 0.21106651736098503
    },
    {
      "date": "2021-06-30T00:00:00",
      "quarter_label": "2021-06 (Q2)",
      "revenue": 13801000,
      "gross_profit": null,
      "operating_income": 5902000,
      "net_income": 4484000,
      "opex": null,
      "cogs": null,
      "rd": null,
      "sga": null,
      "fcf": 5505000,
      "ocf": 5505000,
      "capex": null,
      "gross_margin": null,
      "op_margin": 0.4276501702775161,
      "fcf_margin": 0.39888413883051954,
      "fcf_margin_change": -0.10543510281767254
    },
    {
      "date": "2021-09-30T00:00:00",
      "quarter_label": "2021-09 (Q3)",
      "revenue": 14503000,
      "gross_profit": null,
      "operating_income": 6684000,
      "net_income": 4794000,
      "opex": null,
      "cogs": null,
      "rd": null,
      "sga": null,
      "fcf": 6374000,
      "ocf": 6374000,
      "capex": null,
      "gross_margin": null,
      "op_margin": 0.460870164793491,
      "fcf_margin": 0.43949527683927464,
      "fcf_margin_change": 0.0406111380087551
    },
    {
      "date": "2021-12-31T00:00:00",
      "quarter_label": "2021-12 (Q4)",
      "revenue": 13734000,
      "gross_profit": null,
      "operating_income": 5456000,
      "net_income": 4001000,
      "opex": null,
      "cogs": null,
      "rd": null,
      "sga": null,
      "fcf": 4483000,
      "ocf": 4483000,
      "capex": null,
      "gross_margin": null,
      "op_margin": 0.39726226882190185,
      "fcf_margin": 0.32641619338867045,
      "rev_growth_yoy": 0.025078369905956112,
      "fcf_margin_change": -0.11307908345060419
    },
    {
      "date": "2022-03-31T00:00:00",
      "quarter_label": "2022-03 (Q1)",
      "revenue": 14240000,
      "gross_profit": null,
      "operating_income": 5298000,
      "net_income": 3859000,
      "opex": null,
      "cogs": null,
      "rd": null,
      "sga": null,
      "fcf": 5333000,
      "ocf": 5333000,
      "capex": null,
      "gross_margin": null,
      "op_margin": 0.3720505617977528,
      "fcf_margin": 0.3745084269662921,
      "incr_op_margin_yoy": -0.04831751509922347,
      "rev_growth_yoy": 0.08860178885406314,
      "rev_growth_yoy_accel": 0.06352341894810704,
      "fcf_margin_change": 0.04809223357762166
    },
    {
      "date": "2022-06-30T00:00:00",
      "quarter_label": "2022-06 (Q2)",
      "revenue": 14899000,
      "gross_profit": null,
      "operating_income": 6574000,
      "net_income": 5029000,
      "opex": null,
      "cogs": null,
      "rd": null,
      "sga": null,
      "fcf": 5680000,
      "ocf": 5680000,
      "capex": null,
      "gross_margin": null,
      "op_margin": 0.44123766695751393,
      "fcf_margin": 0.3812336398416001,
      "incr_op_margin_yoy": 0.6120218579234973,
      "rev_growth_yoy": 0.0795594522136077,
      "rev_growth_yoy_accel": -0.009042336640455437,
      "fcf_margin_change": 0.006725212875307973
    },
    {
      "date": "2022-09-30T00:00:00",
      "quarter_label": "2022-09 (Q3)",
      "revenue": 15811000,
      "gross_profit": null,
      "operating_income": 6856000,
      "net_income": 5681000,
      "opex": null,
      "cogs": null,
      "rd": null,
      "sga": null,
      "fcf": 6298000,
      "ocf": 6298000,
      "capex": null,
      "gross_margin": null,
      "op_margin": 0.4336221617860983,
      "fcf_margin": 0.3983302763898552,
      "incr_op_margin_yoy": 0.13149847094801223,
      "rev_growth_yoy": 0.09018823691650003,
      "rev_growth_yoy_accel": 0.01062878470289233,
      "fcf_margin_change": 0.017096636548255106
    },
    {
      "date": "2022-12-31T00:00:00",
      "quarter_label": "2022-12 (Q4)",
      "revenue": 15111000,
      "gross_profit": null,
      "operating_income": 5755000,
      "net_income": 5011000,
      "opex": null,
      "cogs": null,
      "rd": null,
      "sga": null,
      "fcf": 4707000,
      "ocf": 4707000,
      "capex": null,
      "gross_margin": null,
      "op_margin": 0.3808483885910926,
      "fcf_margin": 0.31149493746277546,
      "incr_op_margin_yoy": 0.21713870733478577,
      "rev_growth_yoy": 0.10026212319790301,
      "rev_growth_yoy_accel": 0.010073886281402974,
      "fcf_margin_change": -0.08683533892707973
    },
    {
      "date": "2023-03-31T00:00:00",
      "quarter_label": "2023-03 (Q1)",
      "revenue": 15401000,
      "gross_profit": null,
      "operating_income": 5418000,
      "net_income": 3653000,
      "opex": null,
      "cogs": null,
      "rd": null,
      "sga": null,
      "fcf": 6224000,
      "ocf": 6224000,
      "capex": null,
      "gross_margin": null,
      "op_margin": 0.3517953379650672,
      "fcf_margin": 0.4041296019738978,
      "incr_op_margin_yoy": 0.10335917312661498,
      "rev_growth_yoy": 0.0815308988764045,
      "rev_growth_yoy_accel": -0.018731224321498513,
      "fcf_margin_change": 0.09263466451112234
    },
    {
      "date": "2023-06-30T00:00:00",
      "quarter_label": "2023-06 (Q2)",
      "revenue": 18767000,
      "gross_profit": null,
      "operating_income": 8516000,
      "net_income": 6524000,
      "opex": null,
      "cogs": null,
      "rd": null,
      "sga": null,
      "fcf": 8372000,
      "ocf": 8372000,
      "capex": null,
      "gross_margin": null,
      "op_margin": 0.4537752437789737,
      "fcf_margin": 0.4461022006713913,
      "incr_op_margin_yoy": 0.5020682523267839,
      "rev_growth_yoy": 0.2596147392442446,
      "rev_growth_yoy_accel": 0.1780838403678401,
      "fcf_margin_change": 0.04197259869749348
    },
    {
      "date": "2023-09-30T00:00:00",
      "quarter_label": "2023-09 (Q3)",
      "revenue": 18767000,
      "gross_profit": null,
      "operating_income": 8433000,
      "net_income": 7568000,
      "opex": null,
      "cogs": null,
      "rd": null,
      "sga": null,
      "fcf": 8811000,
      "ocf": 8811000,
      "capex": null,
      "gross_margin": null,
      "op_margin": 0.44935258698779773,
      "fcf_margin": 0.4694943251452017,
      "incr_op_margin_yoy": 0.5334912043301759,
      "rev_growth_yoy": 0.1869584466510657,
      "rev_growth_yoy_accel": -0.0726562925931789,
      "fcf_margin_change": 0.023392124473810394
    },
    {
      "date": "2023-12-31T00:00:00",
      "quarter_label": "2023-12 (Q4)",
      "revenue": 18096000,
      "gross_profit": null,
      "operating_income": 7164000,
      "net_income": 6012000,
      "opex": null,
      "cogs": null,
      "rd": null,
      "sga": null,
      "fcf": 8501000,
      "ocf": 8501000,
      "capex": null,
      "gross_margin": null,
      "op_margin": 0.3958885941644562,
      "fcf_margin": 0.4697723253757736,
      "incr_op_margin_yoy": 0.47202680067001673,
      "rev_growth_yoy": 0.19753821719277348,
      "rev_growth_yoy_accel": 0.010579770541707778,
      "fcf_margin_change": 0.0002780002305719509
    },
    {
      "date": "2024-03-31T00:00:00",
      "quarter_label": "2024-03 (Q1)",
      "revenue": 17628000,
      "gross_profit": null,
      "operating_income": 6215000,
      "net_income": 4327000,
      "opex": null,
      "cogs": null,
      "rd": null,
      "sga": null,
      "fcf": 6138000,
      "ocf": 6138000,
      "capex": null,
      "gross_margin": null,
      "op_margin": 0.3525641025641026,
      "fcf_margin": 0.34819605173587476,
      "incr_op_margin_yoy": 0.35788055680287384,
      "rev_growth_yoy": 0.14460099993506914,
      "rev_growth_yoy_accel": -0.05293721725770434,
      "fcf_margin_change": -0.12157627363989887
    },
    {
      "date": "2024-06-30T00:00:00",
      "quarter_label": "2024-06 (Q2)",
      "revenue": 18750000,
      "gross_profit": null,
      "operating_income": 7062000,
      "net_income": 4993000,
      "opex": null,
      "cogs": null,
      "rd": null,
      "sga": null,
      "fcf": 6703000,
      "ocf": 6703000,
      "capex": null,
      "gross_margin": null,
      "op_margin": 0.37664,
      "fcf_margin": 0.35749333333333333,
      "rev_growth_yoy": -0.0009058453668673736,
      "rev_growth_yoy_accel": -0.14550684530193653,
      "fcf_margin_change": 0.009297281597458573
    },
    {
      "date": "2024-09-30T00:00:00",
      "quarter_label": "2024-09 (Q3)",
      "revenue": 19715000,
      "gross_profit": null,
      "operating_income": 8055000,
      "net_income": 5863000,
      "opex": null,
      "cogs": null,
      "rd": null,
      "sga": null,
      "fcf": 7550000,
      "ocf": 7550000,
      "capex": null,
      "gross_margin": null,
      "op_margin": 0.40857215318285567,
      "fcf_margin": 0.3829571392340857,
      "rev_growth_yoy": 0.05051420045825118,
      "rev_growth_yoy_accel": 0.051420045825118554,
      "fcf_margin_change": 0.025463805900752368
    },
    {
      "date": "2024-12-31T00:00:00",
      "quarter_label": "2024-12 (Q4)",
      "revenue": 18866000,
      "gross_profit": null,
      "operating_income": 6709000,
      "net_income": 5142000,
      "opex": null,
      "cogs": null,
      "rd": null,
      "sga": null,
      "fcf": 10168000,
      "ocf": 10168000,
      "capex": null,
      "gross_margin": null,
      "op_margin": 0.3556132725538005,
      "fcf_margin": 0.5389589738153292,
      "rev_growth_yoy": 0.04255083996463307,
      "rev_growth_yoy_accel": -0.007963360493618114,
      "fcf_margin_change": 0.1560018345812435
    },
    {
      "date": "2025-03-31T00:00:00",
      "quarter_label": "2025-03 (Q1)",
      "revenue": 18456000,
      "gross_profit": null,
      "operating_income": 6283000,
      "net_income": 3638000,
      "opex": null,
      "cogs": null,
      "rd": null,
      "sga": null,
      "fcf": 6005000,
      "ocf": 6005000,
      "capex": null,
      "gross_margin": null,
      "op_margin": 0.34043129605548333,
      "fcf_margin": 0.3253684438664933,
      "rev_growth_yoy": 0.04697072838665759,
      "rev_growth_yoy_accel": 0.004419888422024523,
      "fcf_margin_change": -0.21359052994883593
    },
    {
      "date": "2025-06-30T00:00:00",
      "quarter_label": "2025-06 (Q2)",
      "revenue": 19199000,
      "gross_profit": null,
      "operating_income": 7086000,
      "net_income": 5052000,
      "opex": null,
      "cogs": null,
      "rd": null,
      "sga": null,
      "fcf": 7598000,
      "ocf": 7598000,
      "capex": null,
      "gross_margin": null,
      "op_margin": 0.36908172300640657,
      "fcf_margin": 0.3957497786343039,
      "rev_growth_yoy": 0.023946666666666668,
      "rev_growth_yoy_accel": -0.023024061719990923,
      "fcf_margin_change": 0.07038133476781061
    },
    {
      "date": "2025-09-30T00:00:00",
      "quarter_label": "2025-09 (Q3)",
      "revenue": 20361000,
      "gross_profit": null,
      "operating_income": 7914000,
      "net_income": 6201000,
      "opex": null,
      "cogs": null,
      "rd": null,
      "sga": null,
      "fcf": 7829000,
      "ocf": 7829000,
      "capex": null,
      "gross_margin": null,
      "op_margin": 0.3886842493001326,
      "fcf_margin": 0.38450960168950443,
      "rev_growth_yoy": 0.03276692873446614,
      "rev_growth_yoy_accel": 0.008820262067799473,
      "fcf_margin_change": -0.011240176944799452
    }
  ],
  "signals": [
    {
      "quarter": "2025-06 (Q2)",
      "signal": "FCF MARGIN EXPANSION",
      "detail": "FCF margin: +32.5% -> +39.6% (+7.0%)",
      "severity": "MEDIUM"
    },
    {
      "quarter": "2024-12 (Q4)",
      "signal": "FCF MARGIN EXPANSION",
      "detail": "FCF margin: +38.3% -> +53.9% (+15.6%)",
      "severity": "MEDIUM"
    },
    {
      "quarter": "2024-09 (Q3)",
      "signal": "YoY REVENUE GROWTH ACCELERATION",
      "detail": "YoY growth: +5.1% vs prior quarter YoY: -0.1% (accel: +5.1%)",
      "severity": "MEDIUM"
    },
    {
      "quarter": "2024-06 (Q2)",
      "signal": "YoY REVENUE GROWTH DECELERATION",
      "detail": "YoY growth: -0.1% vs prior quarter YoY: +14.5% (decel: -14.6%)",
      "severity": "WARNING"
    },
    {
      "quarter": "2024-03 (Q1)",
      "signal": "YoY REVENUE GROWTH DECELERATION",
      "detail": "YoY growth: +14.5% vs prior quarter YoY: +19.8% (decel: -5.3%)",
      "severity": "WARNING"
    },
    {
      "quarter": "2023-09 (Q3)",
      "signal": "YoY REVENUE GROWTH DECELERATION",
      "detail": "YoY growth: +18.7% vs prior quarter YoY: +26.0% (decel: -7.3%)",
      "severity": "WARNING"
    },
    {
      "quarter": "2023-06 (Q2)",
      "signal": "YoY REVENUE GROWTH ACCELERATION",
      "detail": "YoY growth: +26.0% vs prior quarter YoY: +8.2% (accel: +17.8%)",
      "severity": "HIGH"
    },
    {
      "quarter": "2023-03 (Q1)",
      "signal": "FCF MARGIN EXPANSION",
      "detail": "FCF margin: +31.1% -> +40.4% (+9.3%)",
      "severity": "MEDIUM"
    },
    {
      "quarter": "2022-06 (Q2)",
      "signal": "INCREMENTAL MARGIN (YoY)",
      "detail": "YoY Incr OPM: +61.2% vs year-ago OPM: +42.8%",
      "severity": "MEDIUM"
    },
    {
      "quarter": "2022-03 (Q1)",
      "signal": "YoY REVENUE GROWTH ACCELERATION",
      "detail": "YoY growth: +8.9% vs prior quarter YoY: +2.5% (accel: +6.4%)",
      "severity": "MEDIUM"
    },
    {
      "quarter": "2021-03 (Q1)",
      "signal": "FCF MARGIN EXPANSION",
      "detail": "FCF margin: +29.3% -> +50.4% (+21.1%)",
      "severity": "MEDIUM"
    }
  ],
  "data_quality": {
    "n_quarters": 20,
    "coverage": {
      "revenue": [
        20,
        20
      ],
      "gross_profit": [
        0,
        20
      ],
      "op_income": [
        20,
        20
      ],
      "fcf": [
        20,
        20
      ]
    },
    "gaps": [],
    "warnings": [
      "gross_profit: no data"
    ]
  },
  "market_cap": null,
  "source": "SEC EDGAR",
  "last_updated": "2026-02-02T22:27:11.276636"
}