{
  "ticker": "YOU",
  "name": "CLEAR SECURE, INC.",
  "quarters": [
    {
      "date": "2020-12-31T00:00:00",
      "quarter_label": "2020-12 (Q4)",
      "revenue": 53155000,
      "gross_profit": null,
      "operating_income": -45000,
      "net_income": null,
      "opex": null,
      "cogs": null,
      "rd": 8680000,
      "sga": null,
      "fcf": 8812000,
      "ocf": 16133000,
      "capex": -7321000,
      "gross_margin": null,
      "op_margin": -0.0008465807543975167,
      "fcf_margin": 0.16577932461668704
    },
    {
      "date": "2021-03-31T00:00:00",
      "quarter_label": "2021-03 (Q1)",
      "revenue": 50558000,
      "gross_profit": null,
      "operating_income": -13051000,
      "net_income": null,
      "opex": null,
      "cogs": null,
      "rd": 9005000,
      "sga": null,
      "fcf": -9129000,
      "ocf": -335000,
      "capex": -8794000,
      "gross_margin": null,
      "op_margin": -0.2581391668974247,
      "fcf_margin": -0.18056489576328177,
      "fcf_margin_change": -0.3463442203799688
    },
    {
      "date": "2021-06-30T00:00:00",
      "quarter_label": "2021-06 (Q2)",
      "revenue": 55178000,
      "gross_profit": null,
      "operating_income": -37746000,
      "net_income": -2004000,
      "opex": null,
      "cogs": null,
      "rd": 10941000,
      "sga": null,
      "fcf": -2997000,
      "ocf": 3419000,
      "capex": -6416000,
      "gross_margin": null,
      "op_margin": -0.6840769872050455,
      "fcf_margin": -0.05431512559353365,
      "fcf_margin_change": 0.12624977016974812
    },
    {
      "date": "2021-09-30T00:00:00",
      "quarter_label": "2021-09 (Q3)",
      "revenue": 67558000,
      "gross_profit": null,
      "operating_income": -32596000,
      "net_income": -16915000,
      "opex": null,
      "cogs": null,
      "rd": 13347000,
      "sga": null,
      "fcf": 28061000,
      "ocf": 34893000,
      "capex": -6832000,
      "gross_margin": null,
      "op_margin": -0.4824891204594571,
      "fcf_margin": 0.415361615204713,
      "fcf_margin_change": 0.4696767407982466
    },
    {
      "date": "2021-12-31T00:00:00",
      "quarter_label": "2021-12 (Q4)",
      "revenue": 80659000,
      "gross_profit": null,
      "operating_income": -31540000,
      "net_income": -17163000,
      "opex": null,
      "cogs": null,
      "rd": 14197000,
      "sga": null,
      "fcf": 25624000,
      "ocf": 31730000,
      "capex": -6106000,
      "gross_margin": null,
      "op_margin": -0.39102889944085595,
      "fcf_margin": 0.317683085582514,
      "incr_op_margin_yoy": -1.1451061663758,
      "rev_growth_yoy": 0.5174301570877622,
      "fcf_margin_change": -0.09767852962219897
    },
    {
      "date": "2022-03-31T00:00:00",
      "quarter_label": "2022-03 (Q1)",
      "revenue": 90539000,
      "gross_profit": null,
      "operating_income": -18231000,
      "net_income": -10327000,
      "opex": null,
      "cogs": null,
      "rd": 15512000,
      "sga": null,
      "fcf": 19399000,
      "ocf": 24932000,
      "capex": -5533000,
      "gross_margin": null,
      "op_margin": -0.2013607395707927,
      "fcf_margin": 0.21426125757960657,
      "incr_op_margin_yoy": -0.12956154173232284,
      "rev_growth_yoy": 0.7907947308042248,
      "rev_growth_yoy_accel": 0.2733645737164626,
      "fcf_margin_change": -0.10342182800290745
    },
    {
      "date": "2022-06-30T00:00:00",
      "quarter_label": "2022-06 (Q2)",
      "revenue": 102723000,
      "gross_profit": null,
      "operating_income": -13122000,
      "net_income": -7155000,
      "opex": null,
      "cogs": null,
      "rd": 14333000,
      "sga": null,
      "fcf": 41242000,
      "ocf": 50923000,
      "capex": -9681000,
      "gross_margin": null,
      "op_margin": -0.12774159633188284,
      "fcf_margin": 0.4014874954976003,
      "incr_op_margin_yoy": 0.5179093490377537,
      "rev_growth_yoy": 0.8616658813295154,
      "rev_growth_yoy_accel": 0.07087115052529058,
      "fcf_margin_change": 0.18722623791799375
    },
    {
      "date": "2022-09-30T00:00:00",
      "quarter_label": "2022-09 (Q3)",
      "revenue": 115919000,
      "gross_profit": null,
      "operating_income": -65700000,
      "net_income": -36764000,
      "opex": null,
      "cogs": null,
      "rd": 16508000,
      "sga": null,
      "fcf": 5316000,
      "ocf": 13175000,
      "capex": -7859000,
      "gross_margin": null,
      "op_margin": -0.5667750756994108,
      "fcf_margin": 0.045859608864810775,
      "incr_op_margin_yoy": -0.6845185169868282,
      "rev_growth_yoy": 0.7158441635335564,
      "rev_growth_yoy_accel": -0.14582171779595898,
      "fcf_margin_change": -0.35562788663278955
    },
    {
      "date": "2022-12-31T00:00:00",
      "quarter_label": "2022-12 (Q4)",
      "revenue": 128253000,
      "gross_profit": null,
      "operating_income": -32011000,
      "net_income": -11327000,
      "opex": null,
      "cogs": null,
      "rd": 20446000,
      "sga": null,
      "fcf": 70991000,
      "ocf": 79280000,
      "capex": -8289000,
      "gross_margin": null,
      "op_margin": -0.2495926021223675,
      "fcf_margin": 0.5535231144690572,
      "incr_op_margin_yoy": -0.009896205404042527,
      "rev_growth_yoy": 0.5900643449584051,
      "rev_growth_yoy_accel": -0.1257798185751513,
      "fcf_margin_change": 0.5076635056042464
    },
    {
      "date": "2023-03-31T00:00:00",
      "quarter_label": "2023-03 (Q1)",
      "revenue": 132356000,
      "gross_profit": null,
      "operating_income": -15058000,
      "net_income": -5224000,
      "opex": null,
      "cogs": null,
      "rd": 21944000,
      "sga": null,
      "fcf": 51347000,
      "ocf": 60757000,
      "capex": -9410000,
      "gross_margin": null,
      "op_margin": -0.11376892622926048,
      "fcf_margin": 0.3879461452446432,
      "incr_op_margin_yoy": 0.07587823134132052,
      "rev_growth_yoy": 0.46186726162206343,
      "rev_growth_yoy_accel": -0.12819708333634167,
      "fcf_margin_change": -0.165576969224414
    },
    {
      "date": "2023-06-30T00:00:00",
      "quarter_label": "2023-06 (Q2)",
      "revenue": 149871000,
      "gross_profit": null,
      "operating_income": 217000,
      "net_income": 4011000,
      "opex": null,
      "cogs": null,
      "rd": 22310000,
      "sga": null,
      "fcf": 66625000,
      "ocf": 75005000,
      "capex": -8380000,
      "gross_margin": null,
      "op_margin": 0.0014479118708756197,
      "fcf_margin": 0.4445489787884247,
      "incr_op_margin_yoy": 0.28291762110800034,
      "rev_growth_yoy": 0.45898192225694345,
      "rev_growth_yoy_accel": -0.0028853393651199766,
      "fcf_margin_change": 0.05660283354378148
    },
    {
      "date": "2023-09-30T00:00:00",
      "quarter_label": "2023-09 (Q3)",
      "revenue": 160387000,
      "gross_profit": null,
      "operating_income": 19279000,
      "net_income": 15346000,
      "opex": null,
      "cogs": null,
      "rd": 11790000,
      "sga": null,
      "fcf": -8895000,
      "ocf": -4860000,
      "capex": -4035000,
      "gross_margin": null,
      "op_margin": 0.12020300897204886,
      "fcf_margin": -0.055459607075386406,
      "incr_op_margin_yoy": 1.9110146622290187,
      "rev_growth_yoy": 0.3836126950715586,
      "rev_growth_yoy_accel": -0.07536922718538486,
      "fcf_margin_change": -0.5000085858638111
    },
    {
      "date": "2023-12-31T00:00:00",
      "quarter_label": "2023-12 (Q4)",
      "revenue": 170965000,
      "gross_profit": null,
      "operating_income": 15700000,
      "net_income": 13975000,
      "opex": null,
      "cogs": null,
      "rd": 18400000,
      "sga": null,
      "fcf": 90401000,
      "ocf": 94131000,
      "capex": -3730000,
      "gross_margin": null,
      "op_margin": 0.09183166145117422,
      "fcf_margin": 0.5287690462960255,
      "incr_op_margin_yoy": 1.1170397078104515,
      "rev_growth_yoy": 0.3330292468792153,
      "rev_growth_yoy_accel": -0.05058344819234328,
      "fcf_margin_change": 0.5842286533714119
    },
    {
      "date": "2024-03-31T00:00:00",
      "quarter_label": "2024-03 (Q1)",
      "revenue": 179049000,
      "gross_profit": null,
      "operating_income": 23689000,
      "net_income": 18806000,
      "opex": null,
      "cogs": null,
      "rd": 20104000,
      "sga": null,
      "fcf": 77573000,
      "ocf": 80349000,
      "capex": -2776000,
      "gross_margin": null,
      "op_margin": 0.13230456467224055,
      "fcf_margin": 0.4332501158900636,
      "incr_op_margin_yoy": 0.8298245989762919,
      "rev_growth_yoy": 0.35278340233914596,
      "rev_growth_yoy_accel": 0.019754155459930645,
      "fcf_margin_change": -0.09551893040596188
    },
    {
      "date": "2024-06-30T00:00:00",
      "quarter_label": "2024-06 (Q2)",
      "revenue": 186745000,
      "gross_profit": null,
      "operating_income": 30337000,
      "net_income": 24119000,
      "opex": null,
      "cogs": null,
      "rd": 17411000,
      "sga": null,
      "fcf": 110144000,
      "ocf": 114584000,
      "capex": -4440000,
      "gross_margin": null,
      "op_margin": 0.16245147125759726,
      "fcf_margin": 0.5898096334573885,
      "incr_op_margin_yoy": 0.8168357107989369,
      "rev_growth_yoy": 0.24603825956989678,
      "rev_growth_yoy_accel": -0.10674514276924918,
      "fcf_margin_change": 0.15655951756732484
    },
    {
      "date": "2024-09-30T00:00:00",
      "quarter_label": "2024-09 (Q3)",
      "revenue": 198424000,
      "gross_profit": null,
      "operating_income": 35087000,
      "net_income": 23465000,
      "opex": null,
      "cogs": null,
      "rd": 17424000,
      "sga": null,
      "fcf": -37911000,
      "ocf": -35868000,
      "capex": -2043000,
      "gross_margin": null,
      "op_margin": 0.17682840785388865,
      "fcf_margin": -0.19106055719066242,
      "incr_op_margin_yoy": 0.4155953413781318,
      "rev_growth_yoy": 0.23715762499454446,
      "rev_growth_yoy_accel": -0.00888063457535232,
      "fcf_margin_change": -0.7808701906480509
    },
    {
      "date": "2024-12-31T00:00:00",
      "quarter_label": "2024-12 (Q4)",
      "revenue": 206270000,
      "gross_profit": null,
      "operating_income": 34078000,
      "net_income": 103286000,
      "opex": null,
      "cogs": null,
      "rd": 18413000,
      "sga": null,
      "fcf": 133862000,
      "ocf": 136612000,
      "capex": -2750000,
      "gross_margin": null,
      "op_margin": 0.16521064624036458,
      "fcf_margin": 0.6489649488534445,
      "incr_op_margin_yoy": 0.5205494972383515,
      "rev_growth_yoy": 0.20650425525692392,
      "rev_growth_yoy_accel": -0.030653369737620534,
      "fcf_margin_change": 0.8400255060441069
    },
    {
      "date": "2025-03-31T00:00:00",
      "quarter_label": "2025-03 (Q1)",
      "revenue": 211368000,
      "gross_profit": null,
      "operating_income": 37404000,
      "net_income": 25405000,
      "opex": null,
      "cogs": null,
      "rd": 18999000,
      "sga": null,
      "fcf": 91263000,
      "ocf": 98347000,
      "capex": -7084000,
      "gross_margin": null,
      "op_margin": 0.17696150789145,
      "fcf_margin": 0.43177302146020213,
      "incr_op_margin_yoy": 0.42436337757975184,
      "rev_growth_yoy": 0.18050366100899753,
      "rev_growth_yoy_accel": -0.02600059424792639,
      "fcf_margin_change": -0.21719192739324233
    },
    {
      "date": "2025-06-30T00:00:00",
      "quarter_label": "2025-06 (Q2)",
      "revenue": 219467000,
      "gross_profit": null,
      "operating_income": 42556000,
      "net_income": 24722000,
      "opex": null,
      "cogs": null,
      "rd": 18229000,
      "sga": null,
      "fcf": 117921000,
      "ocf": 122984000,
      "capex": -5063000,
      "gross_margin": null,
      "op_margin": 0.19390614534303563,
      "fcf_margin": 0.5373062920621323,
      "incr_op_margin_yoy": 0.37341849520200476,
      "rev_growth_yoy": 0.17522289753407053,
      "rev_growth_yoy_accel": -0.005280763474927008,
      "fcf_margin_change": 0.10553327060193018
    },
    {
      "date": "2025-09-30T00:00:00",
      "quarter_label": "2025-09 (Q3)",
      "revenue": 229193000,
      "gross_profit": null,
      "operating_income": 52612000,
      "net_income": 28279000,
      "opex": null,
      "cogs": null,
      "rd": 17996000,
      "sga": null,
      "fcf": -53470000,
      "ocf": -47299000,
      "capex": -6171000,
      "gross_margin": null,
      "op_margin": 0.22955325860737458,
      "fcf_margin": -0.23329682843716867,
      "incr_op_margin_yoy": 0.5695667717507882,
      "rev_growth_yoy": 0.155066927387816,
      "rev_growth_yoy_accel": -0.02015597014625453,
      "fcf_margin_change": -0.770603120499301
    }
  ],
  "signals": [
    {
      "quarter": "2025-09 (Q3)",
      "signal": "INCREMENTAL MARGIN (YoY)",
      "detail": "YoY Incr OPM: +57.0% vs year-ago OPM: +17.7%",
      "severity": "HIGH"
    },
    {
      "quarter": "2025-06 (Q2)",
      "signal": "FCF MARGIN EXPANSION",
      "detail": "FCF margin: +43.2% -> +53.7% (+10.6%)",
      "severity": "MEDIUM"
    },
    {
      "quarter": "2025-06 (Q2)",
      "signal": "INCREMENTAL MARGIN (YoY)",
      "detail": "YoY Incr OPM: +37.3% vs year-ago OPM: +16.2%",
      "severity": "HIGH"
    },
    {
      "quarter": "2025-03 (Q1)",
      "signal": "INCREMENTAL MARGIN (YoY)",
      "detail": "YoY Incr OPM: +42.4% vs year-ago OPM: +13.2%",
      "severity": "HIGH"
    },
    {
      "quarter": "2024-12 (Q4)",
      "signal": "FCF TURNED POSITIVE",
      "detail": "FCF margin: -19.1% -> +64.9%",
      "severity": "HIGH"
    },
    {
      "quarter": "2024-12 (Q4)",
      "signal": "INCREMENTAL MARGIN (YoY)",
      "detail": "YoY Incr OPM: +52.1% vs year-ago OPM: +9.2%",
      "severity": "HIGH"
    },
    {
      "quarter": "2024-09 (Q3)",
      "signal": "INCREMENTAL MARGIN (YoY)",
      "detail": "YoY Incr OPM: +41.6% vs year-ago OPM: +12.0%",
      "severity": "HIGH"
    },
    {
      "quarter": "2024-06 (Q2)",
      "signal": "FCF MARGIN EXPANSION",
      "detail": "FCF margin: +43.3% -> +59.0% (+15.7%)",
      "severity": "MEDIUM"
    },
    {
      "quarter": "2024-06 (Q2)",
      "signal": "YoY REVENUE GROWTH DECELERATION",
      "detail": "YoY growth: +24.6% vs prior quarter YoY: +35.3% (decel: -10.7%)",
      "severity": "WARNING"
    },
    {
      "quarter": "2024-06 (Q2)",
      "signal": "INCREMENTAL MARGIN (YoY)",
      "detail": "YoY Incr OPM: +81.7% vs year-ago OPM: +0.1%",
      "severity": "HIGH"
    },
    {
      "quarter": "2024-03 (Q1)",
      "signal": "OP MARGIN TURNED POSITIVE (YoY)",
      "detail": "Op margin: -11.4% (year-ago) -> +13.2%",
      "severity": "HIGH"
    },
    {
      "quarter": "2023-12 (Q4)",
      "signal": "FCF TURNED POSITIVE",
      "detail": "FCF margin: -5.5% -> +52.9%",
      "severity": "HIGH"
    },
    {
      "quarter": "2023-12 (Q4)",
      "signal": "YoY REVENUE GROWTH DECELERATION",
      "detail": "YoY growth: +33.3% vs prior quarter YoY: +38.4% (decel: -5.1%)",
      "severity": "WARNING"
    },
    {
      "quarter": "2023-12 (Q4)",
      "signal": "OP MARGIN TURNED POSITIVE (YoY)",
      "detail": "Op margin: -25.0% (year-ago) -> +9.2%",
      "severity": "HIGH"
    },
    {
      "quarter": "2023-09 (Q3)",
      "signal": "YoY REVENUE GROWTH DECELERATION",
      "detail": "YoY growth: +38.4% vs prior quarter YoY: +45.9% (decel: -7.5%)",
      "severity": "WARNING"
    },
    {
      "quarter": "2023-09 (Q3)",
      "signal": "OP MARGIN TURNED POSITIVE (YoY)",
      "detail": "Op margin: -56.7% (year-ago) -> +12.0%",
      "severity": "HIGH"
    },
    {
      "quarter": "2023-06 (Q2)",
      "signal": "FCF MARGIN EXPANSION",
      "detail": "FCF margin: +38.8% -> +44.5% (+5.7%)",
      "severity": "MEDIUM"
    },
    {
      "quarter": "2023-06 (Q2)",
      "signal": "OP MARGIN TURNED POSITIVE (YoY)",
      "detail": "Op margin: -12.8% (year-ago) -> +0.1%",
      "severity": "HIGH"
    },
    {
      "quarter": "2023-06 (Q2)",
      "signal": "OP MARGIN TURNED POSITIVE (QoQ)",
      "detail": "Op margin: -11.4% -> +0.1%",
      "severity": "HIGH"
    },
    {
      "quarter": "2023-03 (Q1)",
      "signal": "YoY REVENUE GROWTH DECELERATION",
      "detail": "YoY growth: +46.2% vs prior quarter YoY: +59.0% (decel: -12.8%)",
      "severity": "WARNING"
    },
    {
      "quarter": "2022-12 (Q4)",
      "signal": "FCF MARGIN EXPANSION",
      "detail": "FCF margin: +4.6% -> +55.4% (+50.8%)",
      "severity": "MEDIUM"
    },
    {
      "quarter": "2022-12 (Q4)",
      "signal": "YoY REVENUE GROWTH DECELERATION",
      "detail": "YoY growth: +59.0% vs prior quarter YoY: +71.6% (decel: -12.6%)",
      "severity": "WARNING"
    },
    {
      "quarter": "2022-09 (Q3)",
      "signal": "YoY REVENUE GROWTH DECELERATION",
      "detail": "YoY growth: +71.6% vs prior quarter YoY: +86.2% (decel: -14.6%)",
      "severity": "WARNING"
    },
    {
      "quarter": "2022-06 (Q2)",
      "signal": "FCF MARGIN EXPANSION",
      "detail": "FCF margin: +21.4% -> +40.1% (+18.7%)",
      "severity": "MEDIUM"
    },
    {
      "quarter": "2022-06 (Q2)",
      "signal": "YoY REVENUE GROWTH ACCELERATION",
      "detail": "YoY growth: +86.2% vs prior quarter YoY: +79.1% (accel: +7.1%)",
      "severity": "MEDIUM"
    },
    {
      "quarter": "2022-03 (Q1)",
      "signal": "YoY REVENUE GROWTH ACCELERATION",
      "detail": "YoY growth: +79.1% vs prior quarter YoY: +51.7% (accel: +27.3%)",
      "severity": "HIGH"
    },
    {
      "quarter": "2021-09 (Q3)",
      "signal": "FCF TURNED POSITIVE",
      "detail": "FCF margin: -5.4% -> +41.5%",
      "severity": "HIGH"
    },
    {
      "quarter": "2021-06 (Q2)",
      "signal": "FCF MARGIN EXPANSION",
      "detail": "FCF margin: -18.1% -> -5.4% (+12.6%)",
      "severity": "MEDIUM"
    }
  ],
  "data_quality": {
    "n_quarters": 20,
    "coverage": {
      "revenue": [
        20,
        20
      ],
      "gross_profit": [
        0,
        20
      ],
      "op_income": [
        20,
        20
      ],
      "fcf": [
        20,
        20
      ]
    },
    "gaps": [],
    "warnings": [
      "gross_profit: no data"
    ]
  },
  "market_cap": null,
  "source": "SEC EDGAR",
  "last_updated": "2026-02-02T21:07:49.940770"
}