{
  "ticker": "YUM",
  "name": "YUM! BRANDS, INC.",
  "quarters": [
    {
      "date": "2020-12-31T00:00:00",
      "quarter_label": "2020-12 (Q4)",
      "revenue": 1743000000,
      "gross_profit": 1283000000,
      "operating_income": 482000000,
      "net_income": 332000000,
      "opex": 1261000000,
      "cogs": 460000000,
      "rd": null,
      "sga": null,
      "fcf": 391000000,
      "ocf": 452000000,
      "capex": -61000000,
      "gross_margin": 0.7360872059667241,
      "op_margin": 0.27653471026965004,
      "fcf_margin": 0.22432587492828457
    },
    {
      "date": "2021-03-31T00:00:00",
      "quarter_label": "2021-03 (Q1)",
      "revenue": 1486000000,
      "gross_profit": 1094000000,
      "operating_income": 543000000,
      "net_income": 326000000,
      "opex": 943000000,
      "cogs": 392000000,
      "rd": null,
      "sga": null,
      "fcf": 279000000,
      "ocf": 324000000,
      "capex": -45000000,
      "gross_margin": 0.7362045760430687,
      "op_margin": 0.3654104979811575,
      "fcf_margin": 0.18775235531628534,
      "fcf_margin_change": -0.03657351961199923
    },
    {
      "date": "2021-06-30T00:00:00",
      "quarter_label": "2021-06 (Q2)",
      "revenue": 1602000000,
      "gross_profit": 1185000000,
      "operating_income": 567000000,
      "net_income": 391000000,
      "opex": 1035000000,
      "cogs": 417000000,
      "rd": null,
      "sga": null,
      "fcf": 410000000,
      "ocf": 449000000,
      "capex": -39000000,
      "gross_margin": 0.7397003745318352,
      "op_margin": 0.3539325842696629,
      "fcf_margin": 0.25593008739076156,
      "op_leverage_ratio": 0.8001345895020189,
      "fcf_margin_change": 0.06817773207447622
    },
    {
      "date": "2021-09-30T00:00:00",
      "quarter_label": "2021-09 (Q3)",
      "revenue": 1606000000,
      "gross_profit": 1185000000,
      "operating_income": 527000000,
      "net_income": 528000000,
      "opex": 1079000000,
      "cogs": 421000000,
      "rd": null,
      "sga": null,
      "fcf": 465000000,
      "ocf": 519000000,
      "capex": -54000000,
      "gross_margin": 0.7378580323785803,
      "op_margin": 0.32814445828144456,
      "fcf_margin": 0.28953922789539227,
      "fcf_margin_change": 0.03360914050463071
    },
    {
      "date": "2021-12-31T00:00:00",
      "quarter_label": "2021-12 (Q4)",
      "revenue": 1890000000,
      "gross_profit": 1395000000,
      "operating_income": 502000000,
      "net_income": 330000000,
      "opex": 1388000000,
      "cogs": 495000000,
      "rd": null,
      "sga": null,
      "fcf": 322000000,
      "ocf": 414000000,
      "capex": -92000000,
      "gross_margin": 0.7380952380952381,
      "op_margin": 0.2656084656084656,
      "fcf_margin": 0.17037037037037037,
      "incr_op_margin_yoy": 0.1360544217687075,
      "rev_growth_yoy": 0.08433734939759036,
      "op_leverage_ratio": 0.6174982972429442,
      "fcf_margin_change": -0.1191688575250219
    },
    {
      "date": "2022-03-31T00:00:00",
      "quarter_label": "2022-03 (Q1)",
      "revenue": 1547000000,
      "gross_profit": 1145000000,
      "operating_income": 509000000,
      "net_income": 399000000,
      "opex": 1038000000,
      "cogs": 402000000,
      "rd": null,
      "sga": null,
      "fcf": 211000000,
      "ocf": 253000000,
      "capex": -42000000,
      "gross_margin": 0.7401422107304461,
      "op_margin": 0.3290239172592114,
      "fcf_margin": 0.1363930187459599,
      "incr_op_margin_yoy": -0.5573770491803278,
      "rev_growth_yoy": 0.04104979811574697,
      "rev_growth_yoy_accel": -0.04328755128184338,
      "fcf_margin_change": -0.03397735162441046
    },
    {
      "date": "2022-06-30T00:00:00",
      "quarter_label": "2022-06 (Q2)",
      "revenue": 1636000000,
      "gross_profit": 1221000000,
      "operating_income": 554000000,
      "net_income": 224000000,
      "opex": 1082000000,
      "cogs": 415000000,
      "rd": null,
      "sga": null,
      "fcf": 214000000,
      "ocf": 269000000,
      "capex": -55000000,
      "gross_margin": 0.7463325183374083,
      "op_margin": 0.33863080684596575,
      "fcf_margin": 0.13080684596577016,
      "incr_op_margin_yoy": -0.38235294117647056,
      "rev_growth_yoy": 0.02122347066167291,
      "rev_growth_yoy_accel": -0.019826327454074064,
      "op_leverage_ratio": 1.3572016219075043,
      "fcf_margin_change": -0.0055861727801897465
    },
    {
      "date": "2022-09-30T00:00:00",
      "quarter_label": "2022-09 (Q3)",
      "revenue": 1640000000,
      "gross_profit": 1238000000,
      "operating_income": 546000000,
      "net_income": 331000000,
      "opex": 1094000000,
      "cogs": 402000000,
      "rd": null,
      "sga": null,
      "fcf": 392000000,
      "ocf": 453000000,
      "capex": -61000000,
      "gross_margin": 0.7548780487804878,
      "op_margin": 0.3329268292682927,
      "fcf_margin": 0.23902439024390243,
      "incr_op_margin_yoy": 0.5588235294117647,
      "rev_growth_yoy": 0.021170610211706103,
      "rev_growth_yoy_accel": -5.2860449966805195e-05,
      "fcf_margin_change": 0.10821754427813227
    },
    {
      "date": "2022-12-31T00:00:00",
      "quarter_label": "2022-12 (Q4)",
      "revenue": 2019000000,
      "gross_profit": 1493000000,
      "operating_income": 578000000,
      "net_income": 371000000,
      "opex": 1441000000,
      "cogs": 526000000,
      "rd": null,
      "sga": null,
      "fcf": 331000000,
      "ocf": 452000000,
      "capex": -121000000,
      "gross_margin": 0.7394749876176325,
      "op_margin": 0.2862803368003962,
      "fcf_margin": 0.16394254581475978,
      "incr_op_margin_yoy": 0.5891472868217055,
      "rev_growth_yoy": 0.06825396825396825,
      "rev_growth_yoy_accel": 0.047083358042262144,
      "op_leverage_ratio": 0.7285900049202222,
      "fcf_margin_change": -0.07508184442914265
    },
    {
      "date": "2023-03-31T00:00:00",
      "quarter_label": "2023-03 (Q1)",
      "revenue": 1645000000,
      "gross_profit": 1242000000,
      "operating_income": 523000000,
      "net_income": 300000000,
      "opex": 1122000000,
      "cogs": 403000000,
      "rd": null,
      "sga": null,
      "fcf": 287000000,
      "ocf": 349000000,
      "capex": -62000000,
      "gross_margin": 0.7550151975683891,
      "op_margin": 0.31793313069908813,
      "fcf_margin": 0.17446808510638298,
      "incr_op_margin_yoy": 0.14285714285714285,
      "rev_growth_yoy": 0.06334841628959276,
      "rev_growth_yoy_accel": -0.00490555196437549,
      "fcf_margin_change": 0.010525539291623198
    },
    {
      "date": "2023-06-30T00:00:00",
      "quarter_label": "2023-06 (Q2)",
      "revenue": 1687000000,
      "gross_profit": 1272000000,
      "operating_income": 573000000,
      "net_income": 418000000,
      "opex": 1114000000,
      "cogs": 415000000,
      "rd": null,
      "sga": null,
      "fcf": 269000000,
      "ocf": 329000000,
      "capex": -60000000,
      "gross_margin": 0.7540011855364552,
      "op_margin": 0.3396561944279787,
      "fcf_margin": 0.15945465323058683,
      "incr_op_margin_yoy": 0.37254901960784315,
      "rev_growth_yoy": 0.03117359413202934,
      "rev_growth_yoy_accel": -0.03217482215756341,
      "op_leverage_ratio": Infinity,
      "fcf_margin_change": -0.015013431875796152
    },
    {
      "date": "2023-09-30T00:00:00",
      "quarter_label": "2023-09 (Q3)",
      "revenue": 1708000000,
      "gross_profit": 1287000000,
      "operating_income": 613000000,
      "net_income": 416000000,
      "opex": 1095000000,
      "cogs": 421000000,
      "rd": null,
      "sga": null,
      "fcf": 420000000,
      "ocf": 477000000,
      "capex": -57000000,
      "gross_margin": 0.7535128805620609,
      "op_margin": 0.3588992974238876,
      "fcf_margin": 0.2459016393442623,
      "incr_op_margin_yoy": 0.9852941176470589,
      "rev_growth_yoy": 0.041463414634146344,
      "rev_growth_yoy_accel": 0.010289820502117002,
      "op_leverage_ratio": Infinity,
      "fcf_margin_change": 0.08644698611367546
    },
    {
      "date": "2023-12-31T00:00:00",
      "quarter_label": "2023-12 (Q4)",
      "revenue": 2036000000,
      "gross_profit": 1501000000,
      "operating_income": 609000000,
      "net_income": 463000000,
      "opex": 1427000000,
      "cogs": 535000000,
      "rd": null,
      "sga": null,
      "fcf": 342000000,
      "ocf": 448000000,
      "capex": -106000000,
      "gross_margin": 0.7372298624754421,
      "op_margin": 0.29911591355599215,
      "fcf_margin": 0.16797642436149313,
      "incr_op_margin_yoy": 1.8235294117647058,
      "rev_growth_yoy": 0.008420009905894007,
      "rev_growth_yoy_accel": -0.03304340472825234,
      "op_leverage_ratio": 0.6333765977257978,
      "fcf_margin_change": -0.07792521498276916
    },
    {
      "date": "2024-03-31T00:00:00",
      "quarter_label": "2024-03 (Q1)",
      "revenue": 1598000000,
      "gross_profit": 1198000000,
      "operating_income": 520000000,
      "net_income": 314000000,
      "opex": 1078000000,
      "cogs": 400000000,
      "rd": null,
      "sga": null,
      "fcf": 314000000,
      "ocf": 363000000,
      "capex": -49000000,
      "gross_margin": 0.7496871088861077,
      "op_margin": 0.32540675844806005,
      "fcf_margin": 0.1964956195244055,
      "incr_op_margin_yoy": 0.06382978723404255,
      "rev_growth_yoy": -0.02857142857142857,
      "rev_growth_yoy_accel": -0.03699143847732258,
      "fcf_margin_change": 0.028519195162912375
    },
    {
      "date": "2024-06-30T00:00:00",
      "quarter_label": "2024-06 (Q2)",
      "revenue": 1763000000,
      "gross_profit": 1293000000,
      "operating_income": 607000000,
      "net_income": 367000000,
      "opex": 1156000000,
      "cogs": 470000000,
      "rd": null,
      "sga": null,
      "fcf": 292000000,
      "ocf": 342000000,
      "capex": -50000000,
      "gross_margin": 0.7334089619965967,
      "op_margin": 0.34429948950652295,
      "fcf_margin": 0.16562677254679523,
      "incr_op_margin_yoy": 0.4473684210526316,
      "rev_growth_yoy": 0.045050385299347954,
      "rev_growth_yoy_accel": 0.07362181387077653,
      "op_leverage_ratio": 1.4270241648214113,
      "fcf_margin_change": -0.030868846977610276
    },
    {
      "date": "2024-09-30T00:00:00",
      "quarter_label": "2024-09 (Q3)",
      "revenue": 1826000000,
      "gross_profit": 1303000000,
      "operating_income": 619000000,
      "net_income": 382000000,
      "opex": 1207000000,
      "cogs": 523000000,
      "rd": null,
      "sga": null,
      "fcf": 419000000,
      "ocf": 471000000,
      "capex": -52000000,
      "gross_margin": 0.7135815991237678,
      "op_margin": 0.3389923329682366,
      "fcf_margin": 0.2294633077765608,
      "incr_op_margin_yoy": 0.05084745762711865,
      "rev_growth_yoy": 0.06908665105386416,
      "rev_growth_yoy_accel": 0.024036265754516208,
      "op_leverage_ratio": 0.8099829835507657,
      "fcf_margin_change": 0.06383653522976557
    },
    {
      "date": "2024-12-31T00:00:00",
      "quarter_label": "2024-12 (Q4)",
      "revenue": 2362000000,
      "gross_profit": 1635000000,
      "operating_income": 657000000,
      "net_income": 423000000,
      "opex": 1705000000,
      "cogs": 727000000,
      "rd": null,
      "sga": null,
      "fcf": 407000000,
      "ocf": 513000000,
      "capex": -106000000,
      "gross_margin": 0.6922099915325995,
      "op_margin": 0.2781541066892464,
      "fcf_margin": 0.17231160033869602,
      "incr_op_margin_yoy": 0.147239263803681,
      "rev_growth_yoy": 0.16011787819253437,
      "rev_growth_yoy_accel": 0.0910312271386702,
      "op_leverage_ratio": 0.7114460030703318,
      "fcf_margin_change": -0.05715170743786477
    },
    {
      "date": "2025-03-31T00:00:00",
      "quarter_label": "2025-03 (Q1)",
      "revenue": 1787000000,
      "gross_profit": 1267000000,
      "operating_income": 548000000,
      "net_income": 253000000,
      "opex": 1239000000,
      "cogs": 520000000,
      "rd": null,
      "sga": null,
      "fcf": 333000000,
      "ocf": 404000000,
      "capex": -71000000,
      "gross_margin": 0.7090095131505316,
      "op_margin": 0.30665920537213204,
      "fcf_margin": 0.18634583100167879,
      "incr_op_margin_yoy": 0.14814814814814814,
      "rev_growth_yoy": 0.11827284105131414,
      "rev_growth_yoy_accel": -0.04184503714122023,
      "fcf_margin_change": 0.01403423066298276
    },
    {
      "date": "2025-06-30T00:00:00",
      "quarter_label": "2025-06 (Q2)",
      "revenue": 1933000000,
      "gross_profit": 1373000000,
      "operating_income": 622000000,
      "net_income": 374000000,
      "opex": 1311000000,
      "cogs": 560000000,
      "rd": null,
      "sga": null,
      "fcf": 375000000,
      "ocf": 446000000,
      "capex": -71000000,
      "gross_margin": 0.7102948784273151,
      "op_margin": 0.32177961717537507,
      "fcf_margin": 0.19399896533885153,
      "incr_op_margin_yoy": 0.08823529411764706,
      "rev_growth_yoy": 0.09642654566080544,
      "rev_growth_yoy_accel": -0.021846295390508697,
      "op_leverage_ratio": 1.4059410557731764,
      "fcf_margin_change": 0.00765313433717274
    },
    {
      "date": "2025-09-30T00:00:00",
      "quarter_label": "2025-09 (Q3)",
      "revenue": 1979000000,
      "gross_profit": 1392000000,
      "operating_income": 666000000,
      "net_income": 397000000,
      "opex": 1313000000,
      "cogs": 587000000,
      "rd": null,
      "sga": null,
      "fcf": 449000000,
      "ocf": 543000000,
      "capex": -94000000,
      "gross_margin": 0.7033855482566953,
      "op_margin": 0.33653360282971195,
      "fcf_margin": 0.2268822637695806,
      "incr_op_margin_yoy": 0.30718954248366015,
      "rev_growth_yoy": 0.08378970427163199,
      "rev_growth_yoy_accel": -0.012636841389173453,
      "op_leverage_ratio": 15.599068804966372,
      "fcf_margin_change": 0.03288329843072907
    }
  ],
  "signals": [
    {
      "quarter": "2025-09 (Q3)",
      "signal": "OPERATING LEVERAGE",
      "detail": "Rev growth +2.4% vs OpEx growth +0.2% (leverage: 15.6x)",
      "severity": "MEDIUM"
    },
    {
      "quarter": "2024-12 (Q4)",
      "signal": "YoY REVENUE GROWTH ACCELERATION",
      "detail": "YoY growth: +16.0% vs prior quarter YoY: +6.9% (accel: +9.1%)",
      "severity": "MEDIUM"
    },
    {
      "quarter": "2024-09 (Q3)",
      "signal": "FCF MARGIN EXPANSION",
      "detail": "FCF margin: +16.6% -> +22.9% (+6.4%)",
      "severity": "MEDIUM"
    },
    {
      "quarter": "2024-06 (Q2)",
      "signal": "YoY REVENUE GROWTH ACCELERATION",
      "detail": "YoY growth: +4.5% vs prior quarter YoY: -2.9% (accel: +7.4%)",
      "severity": "MEDIUM"
    },
    {
      "quarter": "2024-06 (Q2)",
      "signal": "INCREMENTAL MARGIN (YoY)",
      "detail": "YoY Incr OPM: +44.7% vs year-ago OPM: +34.0%",
      "severity": "MEDIUM"
    },
    {
      "quarter": "2023-12 (Q4)",
      "signal": "INCREMENTAL MARGIN (YoY)",
      "detail": "YoY Incr OPM: +182.4% vs year-ago OPM: +28.6%",
      "severity": "HIGH"
    },
    {
      "quarter": "2023-09 (Q3)",
      "signal": "FCF MARGIN EXPANSION",
      "detail": "FCF margin: +15.9% -> +24.6% (+8.6%)",
      "severity": "MEDIUM"
    },
    {
      "quarter": "2023-09 (Q3)",
      "signal": "INCREMENTAL MARGIN (YoY)",
      "detail": "YoY Incr OPM: +98.5% vs year-ago OPM: +33.3%",
      "severity": "HIGH"
    },
    {
      "quarter": "2022-12 (Q4)",
      "signal": "INCREMENTAL MARGIN (YoY)",
      "detail": "YoY Incr OPM: +58.9% vs year-ago OPM: +26.6%",
      "severity": "HIGH"
    },
    {
      "quarter": "2022-09 (Q3)",
      "signal": "FCF MARGIN EXPANSION",
      "detail": "FCF margin: +13.1% -> +23.9% (+10.8%)",
      "severity": "MEDIUM"
    },
    {
      "quarter": "2022-09 (Q3)",
      "signal": "INCREMENTAL MARGIN (YoY)",
      "detail": "YoY Incr OPM: +55.9% vs year-ago OPM: +32.8%",
      "severity": "HIGH"
    },
    {
      "quarter": "2021-06 (Q2)",
      "signal": "FCF MARGIN EXPANSION",
      "detail": "FCF margin: +18.8% -> +25.6% (+6.8%)",
      "severity": "MEDIUM"
    }
  ],
  "data_quality": {
    "n_quarters": 20,
    "coverage": {
      "revenue": [
        20,
        20
      ],
      "gross_profit": [
        20,
        20
      ],
      "op_income": [
        20,
        20
      ],
      "fcf": [
        20,
        20
      ]
    },
    "gaps": [],
    "warnings": []
  },
  "market_cap": null,
  "source": "SEC EDGAR",
  "last_updated": "2026-02-02T20:02:12.330790"
}