{
  "ticker": "YUMC",
  "name": "Yum China Holdings, Inc.",
  "quarters": [
    {
      "date": "2020-12-31T00:00:00",
      "quarter_label": "2020-12 (Q4)",
      "revenue": 2259000000,
      "gross_profit": null,
      "operating_income": 180000000,
      "net_income": 151000000,
      "opex": 2079000000,
      "cogs": null,
      "rd": null,
      "sga": null,
      "fcf": 80000000,
      "ocf": 215000000,
      "capex": -135000000,
      "gross_margin": null,
      "op_margin": 0.0796812749003984,
      "fcf_margin": 0.035413899955732624
    },
    {
      "date": "2021-03-31T00:00:00",
      "quarter_label": "2021-03 (Q1)",
      "revenue": 2557000000,
      "gross_profit": null,
      "operating_income": 342000000,
      "net_income": 230000000,
      "opex": 2215000000,
      "cogs": null,
      "rd": null,
      "sga": null,
      "fcf": 166000000,
      "ocf": 331000000,
      "capex": -165000000,
      "gross_margin": null,
      "op_margin": 0.13375048885412594,
      "fcf_margin": 0.06491982792334768,
      "op_leverage_ratio": 2.0165807358800096,
      "fcf_margin_change": 0.029505927967615052
    },
    {
      "date": "2021-06-30T00:00:00",
      "quarter_label": "2021-06 (Q2)",
      "revenue": 2451000000,
      "gross_profit": null,
      "operating_income": 233000000,
      "net_income": 181000000,
      "opex": 2218000000,
      "cogs": null,
      "rd": null,
      "sga": null,
      "fcf": 304000000,
      "ocf": 442000000,
      "capex": -138000000,
      "gross_margin": null,
      "op_margin": 0.09506323949408405,
      "fcf_margin": 0.12403100775193798,
      "fcf_margin_change": 0.05911117982859031
    },
    {
      "date": "2021-09-30T00:00:00",
      "quarter_label": "2021-09 (Q3)",
      "revenue": 2554000000,
      "gross_profit": null,
      "operating_income": 178000000,
      "net_income": 104000000,
      "opex": 2376000000,
      "cogs": null,
      "rd": null,
      "sga": null,
      "fcf": 122000000,
      "ocf": 301000000,
      "capex": -179000000,
      "gross_margin": null,
      "op_margin": 0.0696945967110415,
      "fcf_margin": 0.047768206734534066,
      "op_leverage_ratio": 0.5899271286842362,
      "fcf_margin_change": -0.07626280101740392
    },
    {
      "date": "2021-12-31T00:00:00",
      "quarter_label": "2021-12 (Q4)",
      "revenue": 2291000000,
      "gross_profit": null,
      "operating_income": 633000000,
      "net_income": 475000000,
      "opex": 1658000000,
      "cogs": null,
      "rd": null,
      "sga": null,
      "fcf": -150000000,
      "ocf": 57000000,
      "capex": -207000000,
      "gross_margin": null,
      "op_margin": 0.276298559580969,
      "fcf_margin": -0.06547359231776517,
      "incr_op_margin_yoy": 14.15625,
      "rev_growth_yoy": 0.01416555998229305,
      "fcf_margin_change": -0.11324179905229924
    },
    {
      "date": "2022-03-31T00:00:00",
      "quarter_label": "2022-03 (Q1)",
      "revenue": 2668000000,
      "gross_profit": null,
      "operating_income": 191000000,
      "net_income": 100000000,
      "opex": 2477000000,
      "cogs": null,
      "rd": null,
      "sga": null,
      "fcf": -34000000,
      "ocf": 171000000,
      "capex": -205000000,
      "gross_margin": null,
      "op_margin": 0.07158920539730135,
      "fcf_margin": -0.012743628185907047,
      "incr_op_margin_yoy": -1.3603603603603605,
      "rev_growth_yoy": 0.04341024638247947,
      "rev_growth_yoy_accel": 0.02924468640018642,
      "op_leverage_ratio": 0.33313240908177616,
      "fcf_margin_change": 0.052729964131858126
    },
    {
      "date": "2022-06-30T00:00:00",
      "quarter_label": "2022-06 (Q2)",
      "revenue": 2128000000,
      "gross_profit": null,
      "operating_income": 81000000,
      "net_income": 83000000,
      "opex": 2047000000,
      "cogs": null,
      "rd": null,
      "sga": null,
      "fcf": 296000000,
      "ocf": 438000000,
      "capex": -142000000,
      "gross_margin": null,
      "op_margin": 0.03806390977443609,
      "fcf_margin": 0.13909774436090225,
      "incr_op_margin_yoy": 0.47058823529411764,
      "rev_growth_yoy": -0.13178294573643412,
      "rev_growth_yoy_accel": -0.1751931921189136,
      "fcf_margin_change": 0.1518413725468093
    },
    {
      "date": "2022-09-30T00:00:00",
      "quarter_label": "2022-09 (Q3)",
      "revenue": 2685000000,
      "gross_profit": null,
      "operating_income": 316000000,
      "net_income": 206000000,
      "opex": 2369000000,
      "cogs": null,
      "rd": null,
      "sga": null,
      "fcf": 558000000,
      "ocf": 720000000,
      "capex": -162000000,
      "gross_margin": null,
      "op_margin": 0.11769087523277467,
      "fcf_margin": 0.20782122905027933,
      "incr_op_margin_yoy": 1.0534351145038168,
      "rev_growth_yoy": 0.05129209083790133,
      "rev_growth_yoy_accel": 0.18307503657433544,
      "op_leverage_ratio": 1.6639701933404942,
      "fcf_margin_change": 0.06872348468937708
    },
    {
      "date": "2022-12-31T00:00:00",
      "quarter_label": "2022-12 (Q4)",
      "revenue": 2088000000,
      "gross_profit": null,
      "operating_income": 41000000,
      "net_income": 53000000,
      "opex": 2047000000,
      "cogs": null,
      "rd": null,
      "sga": null,
      "fcf": -86000000,
      "ocf": 84000000,
      "capex": -170000000,
      "gross_margin": null,
      "op_margin": 0.019636015325670497,
      "fcf_margin": -0.04118773946360153,
      "incr_op_margin_yoy": 2.916256157635468,
      "rev_growth_yoy": -0.08860759493670886,
      "rev_growth_yoy_accel": -0.1398996857746102,
      "fcf_margin_change": -0.24900896851388088
    },
    {
      "date": "2023-03-31T00:00:00",
      "quarter_label": "2023-03 (Q1)",
      "revenue": 2917000000,
      "gross_profit": null,
      "operating_income": 416000000,
      "net_income": 289000000,
      "opex": 2501000000,
      "cogs": null,
      "rd": null,
      "sga": null,
      "fcf": 328000000,
      "ocf": 507000000,
      "capex": -179000000,
      "gross_margin": null,
      "op_margin": 0.14261227288309908,
      "fcf_margin": 0.11244429208090503,
      "incr_op_margin_yoy": 0.9036144578313253,
      "rev_growth_yoy": 0.09332833583208396,
      "rev_growth_yoy_accel": 0.18193593076879283,
      "op_leverage_ratio": 1.790135998447179,
      "fcf_margin_change": 0.15363203154450655
    },
    {
      "date": "2023-06-30T00:00:00",
      "quarter_label": "2023-06 (Q2)",
      "revenue": 2654000000,
      "gross_profit": null,
      "operating_income": 257000000,
      "net_income": 197000000,
      "opex": 2397000000,
      "cogs": null,
      "rd": null,
      "sga": null,
      "fcf": 264000000,
      "ocf": 417000000,
      "capex": -153000000,
      "gross_margin": null,
      "op_margin": 0.09683496608892238,
      "fcf_margin": 0.09947249434815374,
      "incr_op_margin_yoy": 0.33460076045627374,
      "rev_growth_yoy": 0.24718045112781956,
      "rev_growth_yoy_accel": 0.15385211529573561,
      "fcf_margin_change": -0.012971797732751297
    },
    {
      "date": "2023-09-30T00:00:00",
      "quarter_label": "2023-09 (Q3)",
      "revenue": 2914000000,
      "gross_profit": null,
      "operating_income": 323000000,
      "net_income": 244000000,
      "opex": 2591000000,
      "cogs": null,
      "rd": null,
      "sga": null,
      "fcf": 243000000,
      "ocf": 410000000,
      "capex": -167000000,
      "gross_margin": null,
      "op_margin": 0.11084420041180508,
      "fcf_margin": 0.08339052848318462,
      "incr_op_margin_yoy": 0.03056768558951965,
      "rev_growth_yoy": 0.08528864059590316,
      "rev_growth_yoy_accel": -0.1618918105319164,
      "op_leverage_ratio": 1.2104273650354649,
      "fcf_margin_change": -0.016081965864969114
    },
    {
      "date": "2023-12-31T00:00:00",
      "quarter_label": "2023-12 (Q4)",
      "revenue": 2493000000,
      "gross_profit": null,
      "operating_income": 110000000,
      "net_income": 97000000,
      "opex": 2383000000,
      "cogs": null,
      "rd": null,
      "sga": null,
      "fcf": -72000000,
      "ocf": 139000000,
      "capex": -211000000,
      "gross_margin": null,
      "op_margin": 0.04412354592860008,
      "fcf_margin": -0.02888086642599278,
      "incr_op_margin_yoy": 0.17037037037037037,
      "rev_growth_yoy": 0.1939655172413793,
      "rev_growth_yoy_accel": 0.10867687664547615,
      "fcf_margin_change": -0.1122713949091774
    },
    {
      "date": "2024-03-31T00:00:00",
      "quarter_label": "2024-03 (Q1)",
      "revenue": 2958000000,
      "gross_profit": null,
      "operating_income": 374000000,
      "net_income": 287000000,
      "opex": 2584000000,
      "cogs": null,
      "rd": null,
      "sga": null,
      "fcf": 253000000,
      "ocf": 442000000,
      "capex": -189000000,
      "gross_margin": null,
      "op_margin": 0.12643678160919541,
      "fcf_margin": 0.08553076402974984,
      "incr_op_margin_yoy": -1.024390243902439,
      "rev_growth_yoy": 0.01405553651011313,
      "rev_growth_yoy_accel": -0.17990998073126618,
      "op_leverage_ratio": 2.2113559758368204,
      "fcf_margin_change": 0.11441163045574262
    },
    {
      "date": "2024-06-30T00:00:00",
      "quarter_label": "2024-06 (Q2)",
      "revenue": 2679000000,
      "gross_profit": null,
      "operating_income": 266000000,
      "net_income": 212000000,
      "opex": 2413000000,
      "cogs": null,
      "rd": null,
      "sga": null,
      "fcf": 232000000,
      "ocf": 401000000,
      "capex": -169000000,
      "gross_margin": null,
      "op_margin": 0.09929078014184398,
      "fcf_margin": 0.08659947741694662,
      "incr_op_margin_yoy": 0.36,
      "rev_growth_yoy": 0.009419743782969104,
      "rev_growth_yoy_accel": -0.004635792727144025,
      "fcf_margin_change": 0.0010687133871967874
    },
    {
      "date": "2024-09-30T00:00:00",
      "quarter_label": "2024-09 (Q3)",
      "revenue": 3071000000,
      "gross_profit": null,
      "operating_income": 371000000,
      "net_income": 297000000,
      "opex": 2700000000,
      "cogs": null,
      "rd": null,
      "sga": null,
      "fcf": 244000000,
      "ocf": 409000000,
      "capex": -165000000,
      "gross_margin": null,
      "op_margin": 0.1208075545424943,
      "fcf_margin": 0.07945294692282644,
      "incr_op_margin_yoy": 0.3057324840764331,
      "rev_growth_yoy": 0.053877831159917636,
      "rev_growth_yoy_accel": 0.044458087376948535,
      "op_leverage_ratio": 1.2302369832208961,
      "fcf_margin_change": -0.007146530494120187
    },
    {
      "date": "2024-12-31T00:00:00",
      "quarter_label": "2024-12 (Q4)",
      "revenue": 2595000000,
      "gross_profit": null,
      "operating_income": 151000000,
      "net_income": 115000000,
      "opex": 2444000000,
      "cogs": null,
      "rd": null,
      "sga": null,
      "fcf": -15000000,
      "ocf": 167000000,
      "capex": -182000000,
      "gross_margin": null,
      "op_margin": 0.0581888246628131,
      "fcf_margin": -0.005780346820809248,
      "incr_op_margin_yoy": 0.4019607843137255,
      "rev_growth_yoy": 0.04091456077015644,
      "rev_growth_yoy_accel": -0.012963270389761195,
      "fcf_margin_change": -0.08523329374363568
    },
    {
      "date": "2025-03-31T00:00:00",
      "quarter_label": "2025-03 (Q1)",
      "revenue": 2981000000,
      "gross_profit": null,
      "operating_income": 399000000,
      "net_income": 292000000,
      "opex": 2582000000,
      "cogs": null,
      "rd": null,
      "sga": null,
      "fcf": 315000000,
      "ocf": 452000000,
      "capex": -137000000,
      "gross_margin": null,
      "op_margin": 0.13384770211338476,
      "fcf_margin": 0.10566923851056692,
      "incr_op_margin_yoy": 1.0869565217391304,
      "rev_growth_yoy": 0.00777552400270453,
      "rev_growth_yoy_accel": -0.03313903676745191,
      "op_leverage_ratio": 2.634341403479378,
      "fcf_margin_change": 0.11144958533137617
    },
    {
      "date": "2025-06-30T00:00:00",
      "quarter_label": "2025-06 (Q2)",
      "revenue": 2787000000,
      "gross_profit": null,
      "operating_income": 304000000,
      "net_income": 215000000,
      "opex": 2483000000,
      "cogs": null,
      "rd": null,
      "sga": null,
      "fcf": 290000000,
      "ocf": 412000000,
      "capex": -122000000,
      "gross_margin": null,
      "op_margin": 0.1090778614998206,
      "fcf_margin": 0.10405453893074991,
      "incr_op_margin_yoy": 0.35185185185185186,
      "rev_growth_yoy": 0.040313549832026875,
      "rev_growth_yoy_accel": 0.032538025829322345,
      "fcf_margin_change": -0.001614699579817011
    },
    {
      "date": "2025-09-30T00:00:00",
      "quarter_label": "2025-09 (Q3)",
      "revenue": 3206000000,
      "gross_profit": null,
      "operating_income": 400000000,
      "net_income": 282000000,
      "opex": 2806000000,
      "cogs": null,
      "rd": null,
      "sga": null,
      "fcf": 351000000,
      "ocf": 477000000,
      "capex": -126000000,
      "gross_margin": null,
      "op_margin": 0.12476606363069245,
      "fcf_margin": 0.10948222083593262,
      "incr_op_margin_yoy": 0.21481481481481482,
      "rev_growth_yoy": 0.04395962227287528,
      "rev_growth_yoy_accel": 0.0036460724408484066,
      "op_leverage_ratio": 1.155716334463081,
      "fcf_margin_change": 0.00542768190518271
    }
  ],
  "signals": [
    {
      "quarter": "2025-06 (Q2)",
      "signal": "INCREMENTAL MARGIN (YoY)",
      "detail": "YoY Incr OPM: +35.2% vs year-ago OPM: +9.9%",
      "severity": "HIGH"
    },
    {
      "quarter": "2025-03 (Q1)",
      "signal": "FCF TURNED POSITIVE",
      "detail": "FCF margin: -0.6% -> +10.6%",
      "severity": "HIGH"
    },
    {
      "quarter": "2025-03 (Q1)",
      "signal": "OPERATING LEVERAGE",
      "detail": "Rev growth +14.9% vs OpEx growth +5.6% (leverage: 2.6x)",
      "severity": "MEDIUM"
    },
    {
      "quarter": "2025-03 (Q1)",
      "signal": "INCREMENTAL MARGIN (YoY)",
      "detail": "YoY Incr OPM: +108.7% vs year-ago OPM: +12.6%",
      "severity": "HIGH"
    },
    {
      "quarter": "2024-12 (Q4)",
      "signal": "INCREMENTAL MARGIN (YoY)",
      "detail": "YoY Incr OPM: +40.2% vs year-ago OPM: +4.4%",
      "severity": "HIGH"
    },
    {
      "quarter": "2024-09 (Q3)",
      "signal": "INCREMENTAL MARGIN (YoY)",
      "detail": "YoY Incr OPM: +30.6% vs year-ago OPM: +11.1%",
      "severity": "MEDIUM"
    },
    {
      "quarter": "2024-06 (Q2)",
      "signal": "INCREMENTAL MARGIN (YoY)",
      "detail": "YoY Incr OPM: +36.0% vs year-ago OPM: +9.7%",
      "severity": "HIGH"
    },
    {
      "quarter": "2024-03 (Q1)",
      "signal": "FCF TURNED POSITIVE",
      "detail": "FCF margin: -2.9% -> +8.6%",
      "severity": "HIGH"
    },
    {
      "quarter": "2024-03 (Q1)",
      "signal": "OPERATING LEVERAGE",
      "detail": "Rev growth +18.7% vs OpEx growth +8.4% (leverage: 2.2x)",
      "severity": "MEDIUM"
    },
    {
      "quarter": "2024-03 (Q1)",
      "signal": "YoY REVENUE GROWTH DECELERATION",
      "detail": "YoY growth: +1.4% vs prior quarter YoY: +19.4% (decel: -18.0%)",
      "severity": "WARNING"
    },
    {
      "quarter": "2023-12 (Q4)",
      "signal": "YoY REVENUE GROWTH ACCELERATION",
      "detail": "YoY growth: +19.4% vs prior quarter YoY: +8.5% (accel: +10.9%)",
      "severity": "MEDIUM"
    },
    {
      "quarter": "2023-12 (Q4)",
      "signal": "INCREMENTAL MARGIN (YoY)",
      "detail": "YoY Incr OPM: +17.0% vs year-ago OPM: +2.0%",
      "severity": "MEDIUM"
    },
    {
      "quarter": "2023-09 (Q3)",
      "signal": "YoY REVENUE GROWTH DECELERATION",
      "detail": "YoY growth: +8.5% vs prior quarter YoY: +24.7% (decel: -16.2%)",
      "severity": "WARNING"
    },
    {
      "quarter": "2023-06 (Q2)",
      "signal": "YoY REVENUE GROWTH ACCELERATION",
      "detail": "YoY growth: +24.7% vs prior quarter YoY: +9.3% (accel: +15.4%)",
      "severity": "HIGH"
    },
    {
      "quarter": "2023-06 (Q2)",
      "signal": "INCREMENTAL MARGIN (YoY)",
      "detail": "YoY Incr OPM: +33.5% vs year-ago OPM: +3.8%",
      "severity": "HIGH"
    },
    {
      "quarter": "2023-03 (Q1)",
      "signal": "FCF TURNED POSITIVE",
      "detail": "FCF margin: -4.1% -> +11.2%",
      "severity": "HIGH"
    },
    {
      "quarter": "2023-03 (Q1)",
      "signal": "OPERATING LEVERAGE",
      "detail": "Rev growth +39.7% vs OpEx growth +22.2% (leverage: 1.8x)",
      "severity": "MEDIUM"
    },
    {
      "quarter": "2023-03 (Q1)",
      "signal": "YoY REVENUE GROWTH ACCELERATION",
      "detail": "YoY growth: +9.3% vs prior quarter YoY: -8.9% (accel: +18.2%)",
      "severity": "HIGH"
    },
    {
      "quarter": "2023-03 (Q1)",
      "signal": "INCREMENTAL MARGIN (YoY)",
      "detail": "YoY Incr OPM: +90.4% vs year-ago OPM: +7.2%",
      "severity": "HIGH"
    },
    {
      "quarter": "2022-12 (Q4)",
      "signal": "YoY REVENUE GROWTH DECELERATION",
      "detail": "YoY growth: -8.9% vs prior quarter YoY: +5.1% (decel: -14.0%)",
      "severity": "WARNING"
    },
    {
      "quarter": "2022-12 (Q4)",
      "signal": "INCREMENTAL MARGIN (YoY)",
      "detail": "YoY Incr OPM: +291.6% vs year-ago OPM: +27.6%",
      "severity": "HIGH"
    },
    {
      "quarter": "2022-09 (Q3)",
      "signal": "FCF MARGIN EXPANSION",
      "detail": "FCF margin: +13.9% -> +20.8% (+6.9%)",
      "severity": "MEDIUM"
    },
    {
      "quarter": "2022-09 (Q3)",
      "signal": "OPERATING LEVERAGE",
      "detail": "Rev growth +26.2% vs OpEx growth +15.7% (leverage: 1.7x)",
      "severity": "MEDIUM"
    },
    {
      "quarter": "2022-09 (Q3)",
      "signal": "YoY REVENUE GROWTH ACCELERATION",
      "detail": "YoY growth: +5.1% vs prior quarter YoY: -13.2% (accel: +18.3%)",
      "severity": "HIGH"
    },
    {
      "quarter": "2022-09 (Q3)",
      "signal": "INCREMENTAL MARGIN (YoY)",
      "detail": "YoY Incr OPM: +105.3% vs year-ago OPM: +7.0%",
      "severity": "HIGH"
    },
    {
      "quarter": "2022-06 (Q2)",
      "signal": "FCF TURNED POSITIVE",
      "detail": "FCF margin: -1.3% -> +13.9%",
      "severity": "HIGH"
    },
    {
      "quarter": "2022-06 (Q2)",
      "signal": "YoY REVENUE GROWTH DECELERATION",
      "detail": "YoY growth: -13.2% vs prior quarter YoY: +4.3% (decel: -17.5%)",
      "severity": "WARNING"
    },
    {
      "quarter": "2022-06 (Q2)",
      "signal": "INCREMENTAL MARGIN (YoY)",
      "detail": "YoY Incr OPM: +47.1% vs year-ago OPM: +9.5%",
      "severity": "HIGH"
    },
    {
      "quarter": "2022-03 (Q1)",
      "signal": "FCF MARGIN EXPANSION",
      "detail": "FCF margin: -6.5% -> -1.3% (+5.3%)",
      "severity": "MEDIUM"
    },
    {
      "quarter": "2021-12 (Q4)",
      "signal": "INCREMENTAL MARGIN (YoY)",
      "detail": "YoY Incr OPM: +1415.6% vs year-ago OPM: +8.0%",
      "severity": "HIGH"
    },
    {
      "quarter": "2021-06 (Q2)",
      "signal": "FCF MARGIN EXPANSION",
      "detail": "FCF margin: +6.5% -> +12.4% (+5.9%)",
      "severity": "MEDIUM"
    },
    {
      "quarter": "2021-03 (Q1)",
      "signal": "OPERATING LEVERAGE",
      "detail": "Rev growth +13.2% vs OpEx growth +6.5% (leverage: 2.0x)",
      "severity": "MEDIUM"
    }
  ],
  "data_quality": {
    "n_quarters": 20,
    "coverage": {
      "revenue": [
        20,
        20
      ],
      "gross_profit": [
        0,
        20
      ],
      "op_income": [
        20,
        20
      ],
      "fcf": [
        20,
        20
      ]
    },
    "gaps": [],
    "warnings": [
      "gross_profit: no data"
    ]
  },
  "market_cap": null,
  "source": "SEC EDGAR",
  "last_updated": "2026-02-02T20:21:15.457760"
}