{
  "ticker": "ZBH",
  "name": "ZIMMER BIOMET HOLDINGS, INC.",
  "quarters": [
    {
      "date": "2020-12-31T00:00:00",
      "quarter_label": "2020-12 (Q4)",
      "revenue": 2085300000,
      "gross_profit": 1285400000,
      "operating_income": 240700000,
      "net_income": 333700000,
      "opex": 1844600000,
      "cogs": 647300000,
      "rd": null,
      "sga": 893900000,
      "fcf": 403000000,
      "ocf": 425100000,
      "capex": -22100000,
      "gross_margin": 0.6164101088572388,
      "op_margin": 0.11542703687718793,
      "fcf_margin": 0.19325756485877332
    },
    {
      "date": "2021-03-31T00:00:00",
      "quarter_label": "2021-03 (Q1)",
      "revenue": 1847400000,
      "gross_profit": 1331000000,
      "operating_income": 265600000,
      "net_income": 198100000,
      "opex": 1581800000,
      "cogs": 516400000,
      "rd": null,
      "sga": 770100000,
      "fcf": 220700000,
      "ocf": 246500000,
      "capex": -25800000,
      "gross_margin": 0.7204720147233951,
      "op_margin": 0.14376962217170078,
      "fcf_margin": 0.1194651943271625,
      "fcf_margin_change": -0.07379237053161082
    },
    {
      "date": "2021-06-30T00:00:00",
      "quarter_label": "2021-06 (Q2)",
      "revenue": 2026900000,
      "gross_profit": 1445300000,
      "operating_income": 220500000,
      "net_income": 141900000,
      "opex": 1806400000,
      "cogs": 581600000,
      "rd": null,
      "sga": 817400000,
      "fcf": 429300000,
      "ocf": 453900000,
      "capex": -24600000,
      "gross_margin": 0.7130593517193744,
      "op_margin": 0.10878681730721793,
      "fcf_margin": 0.21180127287976713,
      "op_leverage_ratio": 0.684298098041762,
      "fcf_margin_change": 0.09233607855260463
    },
    {
      "date": "2021-09-30T00:00:00",
      "quarter_label": "2021-09 (Q3)",
      "revenue": 1924000000,
      "gross_profit": 1342500000,
      "operating_income": 214900000,
      "net_income": 145600000,
      "opex": 1709100000,
      "cogs": 581500000,
      "rd": null,
      "sga": 802400000,
      "fcf": 389100000,
      "ocf": 433100000,
      "capex": -44000000,
      "gross_margin": 0.6977650727650727,
      "op_margin": 0.1116943866943867,
      "fcf_margin": 0.20223492723492723,
      "fcf_margin_change": -0.009566345644839908
    },
    {
      "date": "2021-12-31T00:00:00",
      "quarter_label": "2021-12 (Q4)",
      "revenue": 2037900000,
      "gross_profit": 1376400000,
      "operating_income": 79100000,
      "net_income": -84000000,
      "opex": 1958800000,
      "cogs": 661500000,
      "rd": null,
      "sga": 934000000,
      "fcf": 316500000,
      "ocf": 365700000,
      "capex": -49200000,
      "gross_margin": 0.6754011482408362,
      "op_margin": 0.0388144658717307,
      "fcf_margin": 0.155306933608126,
      "incr_op_margin_yoy": 3.409282700421941,
      "rev_growth_yoy": -0.022730542368004605,
      "op_leverage_ratio": 0.4051982753524604,
      "fcf_margin_change": -0.04692799362680122
    },
    {
      "date": "2022-03-31T00:00:00",
      "quarter_label": "2022-03 (Q1)",
      "revenue": 1663200000,
      "gross_profit": 1163200000,
      "operating_income": 198400000,
      "net_income": 14200000,
      "opex": 1464800000,
      "cogs": 500000000,
      "rd": null,
      "sga": 684500000,
      "fcf": null,
      "ocf": null,
      "capex": -36400000,
      "gross_margin": 0.6993746993746994,
      "op_margin": 0.11928811928811929,
      "fcf_margin": null,
      "incr_op_margin_yoy": 0.36482084690553745,
      "rev_growth_yoy": -0.09970769730431958,
      "rev_growth_yoy_accel": -0.07697715493631498
    },
    {
      "date": "2022-06-30T00:00:00",
      "quarter_label": "2022-06 (Q2)",
      "revenue": 1781800000,
      "gross_profit": 1270800000,
      "operating_income": 280900000,
      "net_income": 153700000,
      "opex": 1500900000,
      "cogs": 511000000,
      "rd": null,
      "sga": 695200000,
      "fcf": null,
      "ocf": null,
      "capex": -40900000,
      "gross_margin": 0.7132113592995847,
      "op_margin": 0.15764956785273318,
      "fcf_margin": null,
      "incr_op_margin_yoy": -0.24643002855977153,
      "rev_growth_yoy": -0.120923577877547,
      "rev_growth_yoy_accel": -0.021215880573227416,
      "op_leverage_ratio": 2.8934190873249044
    },
    {
      "date": "2022-09-30T00:00:00",
      "quarter_label": "2022-09 (Q3)",
      "revenue": 1669800000,
      "gross_profit": 1181600000,
      "operating_income": 245300000,
      "net_income": 194000000,
      "opex": 1424500000,
      "cogs": 488200000,
      "rd": null,
      "sga": 654900000,
      "fcf": null,
      "ocf": null,
      "capex": -47200000,
      "gross_margin": 0.7076296562462571,
      "op_margin": 0.1469038208168643,
      "fcf_margin": null,
      "incr_op_margin_yoy": -0.11959087332808813,
      "rev_growth_yoy": -0.13212058212058211,
      "rev_growth_yoy_accel": -0.011197004243035116
    },
    {
      "date": "2022-12-31T00:00:00",
      "quarter_label": "2022-12 (Q4)",
      "revenue": 1825100000,
      "gross_profit": 1304800000,
      "operating_income": -28300000,
      "net_income": -130500000,
      "opex": 1853400000,
      "cogs": 520300000,
      "rd": null,
      "sga": 727100000,
      "fcf": null,
      "ocf": null,
      "capex": -63400000,
      "gross_margin": 0.7149197304257301,
      "op_margin": -0.015505999671250891,
      "fcf_margin": null,
      "incr_op_margin_yoy": 0.5046992481203008,
      "rev_growth_yoy": -0.10442121792040826,
      "rev_growth_yoy_accel": 0.027699364200173854,
      "op_leverage_ratio": 0.3088967979182583
    },
    {
      "date": "2023-03-31T00:00:00",
      "quarter_label": "2023-03 (Q1)",
      "revenue": 1831000000,
      "gross_profit": 1330200000,
      "operating_income": 327300000,
      "net_income": 232500000,
      "opex": 1503700000,
      "cogs": 500800000,
      "rd": null,
      "sga": 715900000,
      "fcf": 261000000,
      "ocf": 307700000,
      "capex": -46700000,
      "gross_margin": 0.7264882577826325,
      "op_margin": 0.17875477880939378,
      "fcf_margin": 0.14254505734571274,
      "incr_op_margin_yoy": 0.7681764004767581,
      "rev_growth_yoy": 0.10088985088985089,
      "rev_growth_yoy_accel": 0.20531106881025915
    },
    {
      "date": "2023-06-30T00:00:00",
      "quarter_label": "2023-06 (Q2)",
      "revenue": 1869600000,
      "gross_profit": 1344100000,
      "operating_income": 329600000,
      "net_income": 209600000,
      "opex": 1539900000,
      "cogs": 525500000,
      "rd": null,
      "sga": 725800000,
      "fcf": 250600000,
      "ocf": 347900000,
      "capex": -97300000,
      "gross_margin": 0.7189238339751819,
      "op_margin": 0.17629439452289258,
      "fcf_margin": 0.13403936670945657,
      "incr_op_margin_yoy": 0.5546697038724373,
      "rev_growth_yoy": 0.04927601302054103,
      "rev_growth_yoy_accel": -0.05161383786930986,
      "op_leverage_ratio": 0.8756924181756188,
      "fcf_margin_change": -0.008505690636256169
    },
    {
      "date": "2023-09-30T00:00:00",
      "quarter_label": "2023-09 (Q3)",
      "revenue": 1753600000,
      "gross_profit": 1235000000,
      "operating_income": 266600000,
      "net_income": 162700000,
      "opex": 1487000000,
      "cogs": 518600000,
      "rd": null,
      "sga": 674900000,
      "fcf": 253300000,
      "ocf": 337600000,
      "capex": -84300000,
      "gross_margin": 0.7042655109489051,
      "op_margin": 0.1520301094890511,
      "fcf_margin": 0.1444457116788321,
      "incr_op_margin_yoy": 0.2541766109785203,
      "rev_growth_yoy": 0.05018565097616481,
      "rev_growth_yoy_accel": 0.0009096379556237794,
      "fcf_margin_change": 0.010406344969375536
    },
    {
      "date": "2023-12-31T00:00:00",
      "quarter_label": "2023-12 (Q4)",
      "revenue": 1940100000,
      "gross_profit": 1401300000,
      "operating_income": 354200000,
      "net_income": 419200000,
      "opex": 1585900000,
      "cogs": 538800000,
      "rd": null,
      "sga": 722300000,
      "fcf": null,
      "ocf": null,
      "capex": -62800000,
      "gross_margin": 0.7222823565795577,
      "op_margin": 0.18256790887067678,
      "fcf_margin": null,
      "incr_op_margin_yoy": 3.3260869565217392,
      "rev_growth_yoy": 0.06301024601391704,
      "rev_growth_yoy_accel": 0.012824595037752233,
      "op_leverage_ratio": 1.599053433572214
    },
    {
      "date": "2024-03-31T00:00:00",
      "quarter_label": "2024-03 (Q1)",
      "revenue": 1889200000,
      "gross_profit": 1376900000,
      "operating_income": 265900000,
      "net_income": 172400000,
      "opex": 1623300000,
      "cogs": 512300000,
      "rd": null,
      "sga": 736200000,
      "fcf": 172900000,
      "ocf": 228000000,
      "capex": -55100000,
      "gross_margin": 0.7288270167266568,
      "op_margin": 0.14074740630954902,
      "fcf_margin": 0.09152022019902604,
      "incr_op_margin_yoy": -1.0549828178694158,
      "rev_growth_yoy": 0.03178590933915893,
      "rev_growth_yoy_accel": -0.03122433667475811
    },
    {
      "date": "2024-06-30T00:00:00",
      "quarter_label": "2024-06 (Q2)",
      "revenue": 1942000000,
      "gross_profit": 1388400000,
      "operating_income": 351300000,
      "net_income": 242800000,
      "opex": 1590800000,
      "cogs": 553600000,
      "rd": null,
      "sga": 737100000,
      "fcf": 316700000,
      "ocf": 369400000,
      "capex": -52700000,
      "gross_margin": 0.7149330587023687,
      "op_margin": 0.18089598352214212,
      "fcf_margin": 0.16307929969104015,
      "incr_op_margin_yoy": 0.29972375690607733,
      "rev_growth_yoy": 0.038724860932819856,
      "rev_growth_yoy_accel": 0.006938951593660925,
      "op_leverage_ratio": Infinity,
      "fcf_margin_change": 0.07155907949201411
    },
    {
      "date": "2024-09-30T00:00:00",
      "quarter_label": "2024-09 (Q3)",
      "revenue": 1824200000,
      "gross_profit": 1285600000,
      "operating_income": 279500000,
      "net_income": 249100000,
      "opex": 1544700000,
      "cogs": 538600000,
      "rd": null,
      "sga": 709700000,
      "fcf": 351200000,
      "ocf": 395700000,
      "capex": -44500000,
      "gross_margin": 0.7047472864817454,
      "op_margin": 0.15321784892007456,
      "fcf_margin": 0.19252274969849797,
      "incr_op_margin_yoy": 0.18271954674220964,
      "rev_growth_yoy": 0.04026003649635036,
      "rev_growth_yoy_accel": 0.0015351755635305067,
      "fcf_margin_change": 0.029443450007457822
    },
    {
      "date": "2024-12-31T00:00:00",
      "quarter_label": "2024-12 (Q4)",
      "revenue": 2023200000,
      "gross_profit": 1436500000,
      "operating_income": 389000000,
      "net_income": 239500000,
      "opex": 1634300000,
      "cogs": 586700000,
      "rd": null,
      "sga": 746900000,
      "fcf": null,
      "ocf": null,
      "capex": -51500000,
      "gross_margin": 0.7100138394622381,
      "op_margin": 0.19226967180703836,
      "fcf_margin": null,
      "incr_op_margin_yoy": 0.4187725631768953,
      "rev_growth_yoy": 0.04283284366785217,
      "rev_growth_yoy_accel": 0.002572807171501809,
      "op_leverage_ratio": 1.8806880364386738
    },
    {
      "date": "2025-03-31T00:00:00",
      "quarter_label": "2025-03 (Q1)",
      "revenue": 1909100000,
      "gross_profit": 1359300000,
      "operating_income": 292300000,
      "net_income": 182000000,
      "opex": 1616800000,
      "cogs": 549800000,
      "rd": null,
      "sga": 758800000,
      "fcf": 338200000,
      "ocf": 382800000,
      "capex": -44600000,
      "gross_margin": 0.7120108951862134,
      "op_margin": 0.15310879472002514,
      "fcf_margin": 0.17715153737363157,
      "incr_op_margin_yoy": 1.3266331658291457,
      "rev_growth_yoy": 0.01053355917848825,
      "rev_growth_yoy_accel": -0.03229928448936392
    },
    {
      "date": "2025-06-30T00:00:00",
      "quarter_label": "2025-06 (Q2)",
      "revenue": 2077300000,
      "gross_profit": 1485100000,
      "operating_income": 300000000,
      "net_income": 152800000,
      "opex": 1777300000,
      "cogs": 592200000,
      "rd": null,
      "sga": 814800000,
      "fcf": 328100000,
      "ocf": 378200000,
      "capex": -50100000,
      "gross_margin": 0.7149184036971068,
      "op_margin": 0.14441823520916575,
      "fcf_margin": 0.15794540990709094,
      "incr_op_margin_yoy": -0.37915742793791574,
      "rev_growth_yoy": 0.06967044284243049,
      "rev_growth_yoy_accel": 0.059136883663942236,
      "op_leverage_ratio": 0.8875208768105407,
      "fcf_margin_change": -0.01920612746654063
    },
    {
      "date": "2025-09-30T00:00:00",
      "quarter_label": "2025-09 (Q3)",
      "revenue": 2001400000,
      "gross_profit": 1442100000,
      "operating_income": 351300000,
      "net_income": 230900000,
      "opex": 1650100000,
      "cogs": 559300000,
      "rd": null,
      "sga": 811400000,
      "fcf": 363700000,
      "ocf": 418700000,
      "capex": -55000000,
      "gross_margin": 0.7205456180673528,
      "op_margin": 0.1755271310082942,
      "fcf_margin": 0.18172279404416908,
      "incr_op_margin_yoy": 0.4051918735891648,
      "rev_growth_yoy": 0.09713847165880934,
      "rev_growth_yoy_accel": 0.02746802881637886,
      "fcf_margin_change": 0.02377738413707814
    }
  ],
  "signals": [
    {
      "quarter": "2025-09 (Q3)",
      "signal": "INCREMENTAL MARGIN (YoY)",
      "detail": "YoY Incr OPM: +40.5% vs year-ago OPM: +15.3%",
      "severity": "HIGH"
    },
    {
      "quarter": "2025-06 (Q2)",
      "signal": "YoY REVENUE GROWTH ACCELERATION",
      "detail": "YoY growth: +7.0% vs prior quarter YoY: +1.1% (accel: +5.9%)",
      "severity": "MEDIUM"
    },
    {
      "quarter": "2025-03 (Q1)",
      "signal": "INCREMENTAL MARGIN (YoY)",
      "detail": "YoY Incr OPM: +132.7% vs year-ago OPM: +14.1%",
      "severity": "HIGH"
    },
    {
      "quarter": "2024-12 (Q4)",
      "signal": "OPERATING LEVERAGE",
      "detail": "Rev growth +10.9% vs OpEx growth +5.8% (leverage: 1.9x)",
      "severity": "MEDIUM"
    },
    {
      "quarter": "2024-12 (Q4)",
      "signal": "INCREMENTAL MARGIN (YoY)",
      "detail": "YoY Incr OPM: +41.9% vs year-ago OPM: +18.3%",
      "severity": "HIGH"
    },
    {
      "quarter": "2024-06 (Q2)",
      "signal": "FCF MARGIN EXPANSION",
      "detail": "FCF margin: +9.2% -> +16.3% (+7.2%)",
      "severity": "MEDIUM"
    },
    {
      "quarter": "2024-06 (Q2)",
      "signal": "INCREMENTAL MARGIN (YoY)",
      "detail": "YoY Incr OPM: +30.0% vs year-ago OPM: +17.6%",
      "severity": "MEDIUM"
    },
    {
      "quarter": "2023-12 (Q4)",
      "signal": "OPERATING LEVERAGE",
      "detail": "Rev growth +10.6% vs OpEx growth +6.7% (leverage: 1.6x)",
      "severity": "MEDIUM"
    },
    {
      "quarter": "2023-12 (Q4)",
      "signal": "OP MARGIN TURNED POSITIVE (YoY)",
      "detail": "Op margin: -1.6% (year-ago) -> +18.3%",
      "severity": "HIGH"
    },
    {
      "quarter": "2023-09 (Q3)",
      "signal": "INCREMENTAL MARGIN (YoY)",
      "detail": "YoY Incr OPM: +25.4% vs year-ago OPM: +14.7%",
      "severity": "MEDIUM"
    },
    {
      "quarter": "2023-06 (Q2)",
      "signal": "YoY REVENUE GROWTH DECELERATION",
      "detail": "YoY growth: +4.9% vs prior quarter YoY: +10.1% (decel: -5.2%)",
      "severity": "WARNING"
    },
    {
      "quarter": "2023-06 (Q2)",
      "signal": "INCREMENTAL MARGIN (YoY)",
      "detail": "YoY Incr OPM: +55.5% vs year-ago OPM: +15.8%",
      "severity": "HIGH"
    },
    {
      "quarter": "2023-03 (Q1)",
      "signal": "YoY REVENUE GROWTH ACCELERATION",
      "detail": "YoY growth: +10.1% vs prior quarter YoY: -10.4% (accel: +20.5%)",
      "severity": "HIGH"
    },
    {
      "quarter": "2023-03 (Q1)",
      "signal": "INCREMENTAL MARGIN (YoY)",
      "detail": "YoY Incr OPM: +76.8% vs year-ago OPM: +11.9%",
      "severity": "HIGH"
    },
    {
      "quarter": "2023-03 (Q1)",
      "signal": "OP MARGIN TURNED POSITIVE (QoQ)",
      "detail": "Op margin: -1.6% -> +17.9%",
      "severity": "HIGH"
    },
    {
      "quarter": "2022-06 (Q2)",
      "signal": "OPERATING LEVERAGE",
      "detail": "Rev growth +7.1% vs OpEx growth +2.5% (leverage: 2.9x)",
      "severity": "MEDIUM"
    },
    {
      "quarter": "2022-03 (Q1)",
      "signal": "GROSS MARGIN INFLECTION",
      "detail": "GM: +69.8% -> +67.5% -> +69.9% (reversal +2.4%)",
      "severity": "MEDIUM"
    },
    {
      "quarter": "2022-03 (Q1)",
      "signal": "YoY REVENUE GROWTH DECELERATION",
      "detail": "YoY growth: -10.0% vs prior quarter YoY: -2.3% (decel: -7.7%)",
      "severity": "WARNING"
    },
    {
      "quarter": "2022-03 (Q1)",
      "signal": "INCREMENTAL MARGIN (YoY)",
      "detail": "YoY Incr OPM: +36.5% vs year-ago OPM: +14.4%",
      "severity": "HIGH"
    },
    {
      "quarter": "2021-12 (Q4)",
      "signal": "INCREMENTAL MARGIN (YoY)",
      "detail": "YoY Incr OPM: +340.9% vs year-ago OPM: +11.5%",
      "severity": "HIGH"
    },
    {
      "quarter": "2021-06 (Q2)",
      "signal": "FCF MARGIN EXPANSION",
      "detail": "FCF margin: +11.9% -> +21.2% (+9.2%)",
      "severity": "MEDIUM"
    }
  ],
  "data_quality": {
    "n_quarters": 20,
    "coverage": {
      "revenue": [
        20,
        20
      ],
      "gross_profit": [
        20,
        20
      ],
      "op_income": [
        20,
        20
      ],
      "fcf": [
        14,
        20
      ]
    },
    "gaps": [],
    "warnings": [
      "fcf: 14/20Q"
    ]
  },
  "market_cap": null,
  "source": "SEC EDGAR",
  "last_updated": "2026-02-02T20:22:24.318291"
}