{
  "ticker": "ZDGE",
  "name": "Zedge, Inc.",
  "quarters": [
    {
      "date": "2021-01-31T00:00:00",
      "quarter_label": "2021-01 (Q1)",
      "revenue": 5314000,
      "gross_profit": null,
      "operating_income": 2518000,
      "net_income": 2278000,
      "opex": null,
      "cogs": null,
      "rd": null,
      "sga": 2159000,
      "fcf": 2274000,
      "ocf": 2274000,
      "capex": null,
      "gross_margin": null,
      "op_margin": 0.4738426797139631,
      "fcf_margin": 0.42792623259315016
    },
    {
      "date": "2021-04-30T00:00:00",
      "quarter_label": "2021-04 (Q2)",
      "revenue": 5252000,
      "gross_profit": null,
      "operating_income": 1979000,
      "net_income": 1932000,
      "opex": null,
      "cogs": null,
      "rd": null,
      "sga": 2694000,
      "fcf": 3976000,
      "ocf": 3976000,
      "capex": null,
      "gross_margin": null,
      "op_margin": 0.3768088347296268,
      "fcf_margin": 0.7570449352627571,
      "fcf_margin_change": 0.3291187026696069
    },
    {
      "date": "2021-07-31T00:00:00",
      "quarter_label": "2021-07 (Q3)",
      "revenue": 5241000,
      "gross_profit": null,
      "operating_income": 2213000,
      "net_income": 2993000,
      "opex": null,
      "cogs": null,
      "rd": null,
      "sga": 2452000,
      "fcf": 2393000,
      "ocf": 2393000,
      "capex": null,
      "gross_margin": null,
      "op_margin": 0.42224766265979774,
      "fcf_margin": 0.45659225338675824,
      "fcf_margin_change": -0.30045268187599883
    },
    {
      "date": "2021-10-31T00:00:00",
      "quarter_label": "2021-10 (Q4)",
      "revenue": 6028000,
      "gross_profit": null,
      "operating_income": 2588000,
      "net_income": 2055000,
      "opex": null,
      "cogs": null,
      "rd": null,
      "sga": 2732000,
      "fcf": 2694000,
      "ocf": 2694000,
      "capex": null,
      "gross_margin": null,
      "op_margin": 0.42932979429329793,
      "fcf_margin": 0.446914399469144,
      "fcf_margin_change": -0.009677853917614221
    },
    {
      "date": "2022-01-31T00:00:00",
      "quarter_label": "2022-01 (Q1)",
      "revenue": 6915000,
      "gross_profit": null,
      "operating_income": 3107000,
      "net_income": 2325000,
      "opex": null,
      "cogs": null,
      "rd": null,
      "sga": 3106000,
      "fcf": 2985000,
      "ocf": 2985000,
      "capex": null,
      "gross_margin": null,
      "op_margin": 0.44931308749096166,
      "fcf_margin": 0.4316702819956616,
      "incr_op_margin_yoy": 0.36789506558401,
      "rev_growth_yoy": 0.30127963869025215,
      "fcf_margin_change": -0.015244117473482421
    },
    {
      "date": "2022-04-30T00:00:00",
      "quarter_label": "2022-04 (Q2)",
      "revenue": 6230000,
      "gross_profit": 5930000,
      "operating_income": 1342000,
      "net_income": 803000,
      "opex": 4588000,
      "cogs": 300000,
      "rd": null,
      "sga": 4064000,
      "fcf": 5623000,
      "ocf": 5635000,
      "capex": -12000,
      "gross_margin": 0.9518459069020867,
      "op_margin": 0.21540930979133227,
      "fcf_margin": 0.9025682182985554,
      "rev_growth_yoy": 0.18621477532368622,
      "rev_growth_yoy_accel": -0.11506486336656593,
      "fcf_margin_change": 0.4708979363028938
    },
    {
      "date": "2022-07-31T00:00:00",
      "quarter_label": "2022-07 (Q3)",
      "revenue": 7372000,
      "gross_profit": null,
      "operating_income": 4801000,
      "net_income": 4531000,
      "opex": null,
      "cogs": null,
      "rd": null,
      "sga": 5159000,
      "fcf": 163000,
      "ocf": 178000,
      "capex": -15000,
      "gross_margin": null,
      "op_margin": 0.6512479652740097,
      "fcf_margin": 0.022110689093868693,
      "incr_op_margin_yoy": 1.2144533083059597,
      "rev_growth_yoy": 0.4066017935508491,
      "rev_growth_yoy_accel": 0.22038701822716286,
      "fcf_margin_change": -0.8804575292046867
    },
    {
      "date": "2022-10-31T00:00:00",
      "quarter_label": "2022-10 (Q4)",
      "revenue": 6900000,
      "gross_profit": null,
      "operating_income": -201000,
      "net_income": -169000,
      "opex": null,
      "cogs": null,
      "rd": null,
      "sga": 5826000,
      "fcf": 1043000,
      "ocf": 1082000,
      "capex": -39000,
      "gross_margin": null,
      "op_margin": -0.029130434782608697,
      "fcf_margin": 0.15115942028985507,
      "rev_growth_yoy": 0.14465826144658261,
      "rev_growth_yoy_accel": -0.26194353210426646,
      "fcf_margin_change": 0.12904873119598637
    },
    {
      "date": "2023-01-31T00:00:00",
      "quarter_label": "2023-01 (Q1)",
      "revenue": 6983000,
      "gross_profit": null,
      "operating_income": 1458000,
      "net_income": 1606000,
      "opex": null,
      "cogs": null,
      "rd": null,
      "sga": 5871000,
      "fcf": 25000,
      "ocf": 39000,
      "capex": -14000,
      "gross_margin": null,
      "op_margin": 0.20879278247171704,
      "fcf_margin": 0.0035801231562365746,
      "rev_growth_yoy": 0.009833694866232827,
      "rev_growth_yoy_accel": -0.13482456658034978,
      "fcf_margin_change": -0.1475792971336185
    },
    {
      "date": "2023-04-30T00:00:00",
      "quarter_label": "2023-04 (Q2)",
      "revenue": 6726000,
      "gross_profit": null,
      "operating_income": -8412000,
      "net_income": -7694000,
      "opex": null,
      "cogs": null,
      "rd": null,
      "sga": 5016000,
      "fcf": 1618000,
      "ocf": 1622000,
      "capex": -4000,
      "gross_margin": null,
      "op_margin": -1.2506690454950937,
      "fcf_margin": 0.24055902468034493,
      "rev_growth_yoy": 0.0796147672552167,
      "rev_growth_yoy_accel": 0.06978107238898387,
      "fcf_margin_change": 0.23697890152410836
    },
    {
      "date": "2023-07-31T00:00:00",
      "quarter_label": "2023-07 (Q3)",
      "revenue": 6632000,
      "gross_profit": null,
      "operating_income": 244000,
      "net_income": 155000,
      "opex": null,
      "cogs": null,
      "rd": null,
      "sga": 5144000,
      "fcf": 422000,
      "ocf": 419000,
      "capex": 3000,
      "gross_margin": null,
      "op_margin": 0.0367913148371532,
      "fcf_margin": 0.06363088057901085,
      "rev_growth_yoy": -0.10037981551817689,
      "rev_growth_yoy_accel": -0.17999458277339359,
      "fcf_margin_change": -0.17692814410133406
    },
    {
      "date": "2023-10-31T00:00:00",
      "quarter_label": "2023-10 (Q4)",
      "revenue": 7081000,
      "gross_profit": null,
      "operating_income": 321000,
      "net_income": -15000,
      "opex": null,
      "cogs": null,
      "rd": null,
      "sga": 5499000,
      "fcf": 1238000,
      "ocf": 1260000,
      "capex": -22000,
      "gross_margin": null,
      "op_margin": 0.04533258014404745,
      "fcf_margin": 0.17483406298545404,
      "rev_growth_yoy": 0.026231884057971014,
      "rev_growth_yoy_accel": 0.1266116995761479,
      "fcf_margin_change": 0.11120318240644318
    },
    {
      "date": "2024-01-31T00:00:00",
      "quarter_label": "2024-01 (Q1)",
      "revenue": 7771000,
      "gross_profit": null,
      "operating_income": -11930000,
      "net_income": -9230000,
      "opex": null,
      "cogs": null,
      "rd": null,
      "sga": 6523000,
      "fcf": 1551000,
      "ocf": 1552000,
      "capex": -1000,
      "gross_margin": null,
      "op_margin": -1.5351949556041693,
      "fcf_margin": 0.19958821258525286,
      "rev_growth_yoy": 0.11284548188457683,
      "rev_growth_yoy_accel": 0.08661359782660581,
      "fcf_margin_change": 0.024754149599798825
    },
    {
      "date": "2024-04-30T00:00:00",
      "quarter_label": "2024-04 (Q2)",
      "revenue": 7658000,
      "gross_profit": null,
      "operating_income": -132000,
      "net_income": 113000,
      "opex": null,
      "cogs": null,
      "rd": null,
      "sga": 6752000,
      "fcf": 2331000,
      "ocf": 2343000,
      "capex": -12000,
      "gross_margin": null,
      "op_margin": -0.017236876469051973,
      "fcf_margin": 0.30438756855575866,
      "rev_growth_yoy": 0.13856675587273268,
      "rev_growth_yoy_accel": 0.02572127398815585,
      "fcf_margin_change": 0.1047993559705058
    },
    {
      "date": "2024-07-31T00:00:00",
      "quarter_label": "2024-07 (Q3)",
      "revenue": 7581000,
      "gross_profit": null,
      "operating_income": -65000,
      "net_income": -39000,
      "opex": null,
      "cogs": null,
      "rd": null,
      "sga": 6852000,
      "fcf": 683000,
      "ocf": 695000,
      "capex": -12000,
      "gross_margin": null,
      "op_margin": -0.008574066745811898,
      "fcf_margin": 0.0900936551906081,
      "rev_growth_yoy": 0.1430940892641737,
      "rev_growth_yoy_accel": 0.004527333391441013,
      "fcf_margin_change": -0.21429391336515058
    },
    {
      "date": "2024-10-31T00:00:00",
      "quarter_label": "2024-10 (Q4)",
      "revenue": 7194000,
      "gross_profit": null,
      "operating_income": -457000,
      "net_income": -339000,
      "opex": null,
      "cogs": null,
      "rd": null,
      "sga": 6809000,
      "fcf": 1159000,
      "ocf": 1170000,
      "capex": -11000,
      "gross_margin": null,
      "op_margin": -0.06352515985543508,
      "fcf_margin": 0.16110647762023908,
      "rev_growth_yoy": 0.015958197994633525,
      "rev_growth_yoy_accel": -0.12713589126954017,
      "fcf_margin_change": 0.07101282242963099
    },
    {
      "date": "2025-01-31T00:00:00",
      "quarter_label": "2025-01 (Q1)",
      "revenue": 6979000,
      "gross_profit": null,
      "operating_income": -2219000,
      "net_income": -1679000,
      "opex": null,
      "cogs": null,
      "rd": null,
      "sga": 7126000,
      "fcf": 689000,
      "ocf": 708000,
      "capex": -19000,
      "gross_margin": null,
      "op_margin": -0.31795386158475425,
      "fcf_margin": 0.09872474566556813,
      "rev_growth_yoy": -0.10191738514991636,
      "rev_growth_yoy_accel": -0.11787558314454988,
      "fcf_margin_change": -0.06238173195467095
    },
    {
      "date": "2025-04-30T00:00:00",
      "quarter_label": "2025-04 (Q2)",
      "revenue": 7757000,
      "gross_profit": null,
      "operating_income": 160000,
      "net_income": 185000,
      "opex": null,
      "cogs": null,
      "rd": null,
      "sga": 6343000,
      "fcf": 851000,
      "ocf": 870000,
      "capex": -19000,
      "gross_margin": null,
      "op_margin": 0.020626530875338403,
      "fcf_margin": 0.10970736109320614,
      "rev_growth_yoy": 0.012927657351788979,
      "rev_growth_yoy_accel": 0.11484504250170534,
      "fcf_margin_change": 0.01098261542763801
    },
    {
      "date": "2025-07-31T00:00:00",
      "quarter_label": "2025-07 (Q3)",
      "revenue": 7468000,
      "gross_profit": null,
      "operating_income": -715000,
      "net_income": -559000,
      "opex": null,
      "cogs": null,
      "rd": null,
      "sga": 6909000,
      "fcf": 640000,
      "ocf": 674000,
      "capex": -34000,
      "gross_margin": null,
      "op_margin": -0.09574183181574719,
      "fcf_margin": 0.0856989823245849,
      "rev_growth_yoy": -0.01490568526579607,
      "rev_growth_yoy_accel": -0.02783334261758505,
      "fcf_margin_change": -0.024008378768621247
    },
    {
      "date": "2025-10-31T00:00:00",
      "quarter_label": "2025-10 (Q4)",
      "revenue": 7610000,
      "gross_profit": null,
      "operating_income": 914000,
      "net_income": 788000,
      "opex": null,
      "cogs": null,
      "rd": null,
      "sga": 5925000,
      "fcf": 808000,
      "ocf": 825000,
      "capex": -17000,
      "gross_margin": null,
      "op_margin": 0.12010512483574244,
      "fcf_margin": 0.10617608409986859,
      "rev_growth_yoy": 0.05782596608284682,
      "rev_growth_yoy_accel": 0.07273165134864289,
      "fcf_margin_change": 0.020477101775283696
    }
  ],
  "signals": [
    {
      "quarter": "2025-10 (Q4)",
      "signal": "YoY REVENUE GROWTH ACCELERATION",
      "detail": "YoY growth: +5.8% vs prior quarter YoY: -1.5% (accel: +7.3%)",
      "severity": "MEDIUM"
    },
    {
      "quarter": "2025-10 (Q4)",
      "signal": "OP MARGIN TURNED POSITIVE (YoY)",
      "detail": "Op margin: -6.4% (year-ago) -> +12.0%",
      "severity": "HIGH"
    },
    {
      "quarter": "2025-10 (Q4)",
      "signal": "OP MARGIN TURNED POSITIVE (QoQ)",
      "detail": "Op margin: -9.6% -> +12.0%",
      "severity": "HIGH"
    },
    {
      "quarter": "2025-04 (Q2)",
      "signal": "YoY REVENUE GROWTH ACCELERATION",
      "detail": "YoY growth: +1.3% vs prior quarter YoY: -10.2% (accel: +11.5%)",
      "severity": "MEDIUM"
    },
    {
      "quarter": "2025-04 (Q2)",
      "signal": "OP MARGIN TURNED POSITIVE (YoY)",
      "detail": "Op margin: -1.7% (year-ago) -> +2.1%",
      "severity": "HIGH"
    },
    {
      "quarter": "2025-04 (Q2)",
      "signal": "OP MARGIN TURNED POSITIVE (QoQ)",
      "detail": "Op margin: -31.8% -> +2.1%",
      "severity": "HIGH"
    },
    {
      "quarter": "2025-01 (Q1)",
      "signal": "YoY REVENUE GROWTH DECELERATION",
      "detail": "YoY growth: -10.2% vs prior quarter YoY: +1.6% (decel: -11.8%)",
      "severity": "WARNING"
    },
    {
      "quarter": "2024-10 (Q4)",
      "signal": "FCF MARGIN EXPANSION",
      "detail": "FCF margin: +9.0% -> +16.1% (+7.1%)",
      "severity": "MEDIUM"
    },
    {
      "quarter": "2024-10 (Q4)",
      "signal": "YoY REVENUE GROWTH DECELERATION",
      "detail": "YoY growth: +1.6% vs prior quarter YoY: +14.3% (decel: -12.7%)",
      "severity": "WARNING"
    },
    {
      "quarter": "2024-04 (Q2)",
      "signal": "FCF MARGIN EXPANSION",
      "detail": "FCF margin: +20.0% -> +30.4% (+10.5%)",
      "severity": "MEDIUM"
    },
    {
      "quarter": "2024-01 (Q1)",
      "signal": "YoY REVENUE GROWTH ACCELERATION",
      "detail": "YoY growth: +11.3% vs prior quarter YoY: +2.6% (accel: +8.7%)",
      "severity": "MEDIUM"
    },
    {
      "quarter": "2023-10 (Q4)",
      "signal": "FCF MARGIN EXPANSION",
      "detail": "FCF margin: +6.4% -> +17.5% (+11.1%)",
      "severity": "MEDIUM"
    },
    {
      "quarter": "2023-10 (Q4)",
      "signal": "YoY REVENUE GROWTH ACCELERATION",
      "detail": "YoY growth: +2.6% vs prior quarter YoY: -10.0% (accel: +12.7%)",
      "severity": "MEDIUM"
    },
    {
      "quarter": "2023-10 (Q4)",
      "signal": "OP MARGIN TURNED POSITIVE (YoY)",
      "detail": "Op margin: -2.9% (year-ago) -> +4.5%",
      "severity": "HIGH"
    },
    {
      "quarter": "2023-07 (Q3)",
      "signal": "YoY REVENUE GROWTH DECELERATION",
      "detail": "YoY growth: -10.0% vs prior quarter YoY: +8.0% (decel: -18.0%)",
      "severity": "WARNING"
    },
    {
      "quarter": "2023-07 (Q3)",
      "signal": "OP MARGIN TURNED POSITIVE (QoQ)",
      "detail": "Op margin: -125.1% -> +3.7%",
      "severity": "HIGH"
    },
    {
      "quarter": "2023-04 (Q2)",
      "signal": "FCF MARGIN EXPANSION",
      "detail": "FCF margin: +0.4% -> +24.1% (+23.7%)",
      "severity": "MEDIUM"
    },
    {
      "quarter": "2023-04 (Q2)",
      "signal": "YoY REVENUE GROWTH ACCELERATION",
      "detail": "YoY growth: +8.0% vs prior quarter YoY: +1.0% (accel: +7.0%)",
      "severity": "MEDIUM"
    },
    {
      "quarter": "2023-01 (Q1)",
      "signal": "YoY REVENUE GROWTH DECELERATION",
      "detail": "YoY growth: +1.0% vs prior quarter YoY: +14.5% (decel: -13.5%)",
      "severity": "WARNING"
    },
    {
      "quarter": "2023-01 (Q1)",
      "signal": "OP MARGIN TURNED POSITIVE (QoQ)",
      "detail": "Op margin: -2.9% -> +20.9%",
      "severity": "HIGH"
    },
    {
      "quarter": "2022-10 (Q4)",
      "signal": "FCF MARGIN EXPANSION",
      "detail": "FCF margin: +2.2% -> +15.1% (+12.9%)",
      "severity": "MEDIUM"
    },
    {
      "quarter": "2022-10 (Q4)",
      "signal": "YoY REVENUE GROWTH DECELERATION",
      "detail": "YoY growth: +14.5% vs prior quarter YoY: +40.7% (decel: -26.2%)",
      "severity": "WARNING"
    },
    {
      "quarter": "2022-07 (Q3)",
      "signal": "YoY REVENUE GROWTH ACCELERATION",
      "detail": "YoY growth: +40.7% vs prior quarter YoY: +18.6% (accel: +22.0%)",
      "severity": "HIGH"
    },
    {
      "quarter": "2022-07 (Q3)",
      "signal": "INCREMENTAL MARGIN (YoY)",
      "detail": "YoY Incr OPM: +121.4% vs year-ago OPM: +42.2%",
      "severity": "HIGH"
    },
    {
      "quarter": "2022-04 (Q2)",
      "signal": "FCF MARGIN EXPANSION",
      "detail": "FCF margin: +43.2% -> +90.3% (+47.1%)",
      "severity": "MEDIUM"
    },
    {
      "quarter": "2022-04 (Q2)",
      "signal": "YoY REVENUE GROWTH DECELERATION",
      "detail": "YoY growth: +18.6% vs prior quarter YoY: +30.1% (decel: -11.5%)",
      "severity": "WARNING"
    },
    {
      "quarter": "2021-04 (Q2)",
      "signal": "FCF MARGIN EXPANSION",
      "detail": "FCF margin: +42.8% -> +75.7% (+32.9%)",
      "severity": "MEDIUM"
    }
  ],
  "data_quality": {
    "n_quarters": 20,
    "coverage": {
      "revenue": [
        20,
        20
      ],
      "gross_profit": [
        1,
        20
      ],
      "op_income": [
        20,
        20
      ],
      "fcf": [
        20,
        20
      ]
    },
    "gaps": [],
    "warnings": [
      "gross_profit: 1/20Q"
    ]
  },
  "market_cap": null,
  "source": "SEC EDGAR",
  "last_updated": "2026-02-02T23:43:32.642617"
}