{
  "ticker": "ZEO",
  "name": "ZEO ENERGY CORP.",
  "quarters": [
    {
      "date": "2023-03-31T00:00:00",
      "quarter_label": "2023-03 (Q1)",
      "revenue": 18731489,
      "gross_profit": null,
      "operating_income": -1512581,
      "net_income": -1446111,
      "opex": 17118006,
      "cogs": null,
      "rd": null,
      "sga": null,
      "fcf": 1445640,
      "ocf": 1518818,
      "capex": -73178,
      "gross_margin": null,
      "op_margin": -0.08075070807238015,
      "fcf_margin": 0.07717699324383662
    },
    {
      "date": "2023-06-30T00:00:00",
      "quarter_label": "2023-06 (Q2)",
      "revenue": 30079365,
      "gross_profit": null,
      "operating_income": -1822712,
      "net_income": -1411072,
      "opex": 29250949,
      "cogs": null,
      "rd": null,
      "sga": 30000,
      "fcf": -380598,
      "ocf": 330433,
      "capex": -711031,
      "gross_margin": null,
      "op_margin": -0.06059675794352706,
      "fcf_margin": -0.01265312615475759,
      "op_leverage_ratio": 0.8547306877630332,
      "fcf_margin_change": -0.0898301193985942
    },
    {
      "date": "2023-09-30T00:00:00",
      "quarter_label": "2023-09 (Q3)",
      "revenue": 37894166,
      "gross_profit": 17421079,
      "operating_income": -829000,
      "net_income": 631724,
      "opex": 33892874,
      "cogs": 20473087,
      "rd": null,
      "sga": 30000,
      "fcf": 4439538,
      "ocf": 3817097,
      "capex": 622441,
      "gross_margin": 0.4597298433748351,
      "op_margin": -0.02187671843734468,
      "fcf_margin": 0.11715623982857942,
      "op_leverage_ratio": 1.63715990919292,
      "fcf_margin_change": 0.129809365983337
    },
    {
      "date": "2023-12-31T00:00:00",
      "quarter_label": "2023-12 (Q4)",
      "revenue": 22985981,
      "gross_profit": 72111947,
      "operating_income": -894832,
      "net_income": -775735,
      "opex": 24344434,
      "cogs": -49125966,
      "rd": null,
      "sga": 30000,
      "fcf": 5437888,
      "ocf": 6310786,
      "capex": -872898,
      "gross_margin": 3.1372142437601425,
      "op_margin": -0.03892946748716098,
      "fcf_margin": 0.23657411010650362,
      "fcf_margin_change": 0.11941787027792419
    },
    {
      "date": "2024-03-31T00:00:00",
      "quarter_label": "2024-03 (Q1)",
      "revenue": 19488190,
      "gross_profit": null,
      "operating_income": -1614075,
      "net_income": -1188531,
      "opex": 21102265,
      "cogs": null,
      "rd": null,
      "sga": null,
      "fcf": -10378065,
      "ocf": -10151989,
      "capex": -226076,
      "gross_margin": null,
      "op_margin": -0.08282323807393092,
      "fcf_margin": -0.5325309841498878,
      "rev_growth_yoy": 0.04039726900514956,
      "fcf_margin_change": -0.7691050942563914
    },
    {
      "date": "2024-06-30T00:00:00",
      "quarter_label": "2024-06 (Q2)",
      "revenue": 14711826,
      "gross_profit": 7651987,
      "operating_income": -2195571,
      "net_income": -217150,
      "opex": 16907397,
      "cogs": 7059839,
      "rd": null,
      "sga": null,
      "fcf": -2304514,
      "ocf": -2199761,
      "capex": -104753,
      "gross_margin": 0.5201248981601604,
      "op_margin": -0.1492385105696601,
      "fcf_margin": -0.15664364165264053,
      "incr_op_margin_yoy": 0.024262765820864354,
      "rev_growth_yoy": -0.5108997148044847,
      "rev_growth_yoy_accel": -0.5512969838096342,
      "fcf_margin_change": 0.3758873424972472
    },
    {
      "date": "2024-09-30T00:00:00",
      "quarter_label": "2024-09 (Q3)",
      "revenue": 19657905,
      "gross_profit": 9870555,
      "operating_income": -2982851,
      "net_income": -424262,
      "opex": 22640756,
      "cogs": 9787350,
      "rd": null,
      "sga": null,
      "fcf": 207977,
      "ocf": 162215,
      "capex": 45762,
      "gross_margin": 0.5021163241962966,
      "op_margin": -0.1517379903911429,
      "fcf_margin": 0.010579815092198278,
      "incr_op_margin_yoy": 0.11810814727865541,
      "rev_growth_yoy": -0.48124191465250876,
      "rev_growth_yoy_accel": 0.029657800151975944,
      "op_leverage_ratio": 0.9914300610026118,
      "fcf_margin_change": 0.1672234567448388
    },
    {
      "date": "2024-12-31T00:00:00",
      "quarter_label": "2024-12 (Q4)",
      "revenue": 18647750,
      "gross_profit": 13732686,
      "operating_income": -1135503,
      "net_income": null,
      "opex": 19783253,
      "cogs": 4915064,
      "rd": null,
      "sga": null,
      "fcf": 3388748,
      "ocf": 3472818,
      "capex": -84070,
      "gross_margin": 0.7364258958855626,
      "op_margin": -0.0608922256036251,
      "fcf_margin": 0.18172422946468073,
      "incr_op_margin_yoy": 0.05547675999733532,
      "rev_growth_yoy": -0.1887337764701015,
      "rev_growth_yoy_accel": 0.2925081381824073,
      "fcf_margin_change": 0.17114441437248246
    },
    {
      "date": "2025-03-31T00:00:00",
      "quarter_label": "2025-03 (Q1)",
      "revenue": 8783695,
      "gross_profit": 8719493,
      "operating_income": -13511398,
      "net_income": -6361265,
      "opex": 22295093,
      "cogs": 64202,
      "rd": null,
      "sga": null,
      "fcf": -2636016,
      "ocf": -2263438,
      "capex": -372578,
      "gross_margin": 0.9926907753513755,
      "op_margin": -1.5382362434032602,
      "fcf_margin": -0.30010331642890603,
      "incr_op_margin_yoy": 1.111432440297277,
      "rev_growth_yoy": -0.5492811287246275,
      "rev_growth_yoy_accel": -0.36054735225452605,
      "fcf_margin_change": -0.4818275458935868
    },
    {
      "date": "2025-06-30T00:00:00",
      "quarter_label": "2025-06 (Q2)",
      "revenue": 18101930,
      "gross_profit": 10817443,
      "operating_income": -2853506,
      "net_income": -2415836,
      "opex": 20955436,
      "cogs": 7284487,
      "rd": null,
      "sga": null,
      "fcf": -2720943,
      "ocf": -2286496,
      "capex": -434447,
      "gross_margin": 0.5975850641340453,
      "op_margin": -0.15763545655076558,
      "fcf_margin": -0.1503123147642268,
      "incr_op_margin_yoy": -0.19407516701552519,
      "rev_growth_yoy": 0.23043393797615605,
      "rev_growth_yoy_accel": 0.7797150667007836,
      "op_leverage_ratio": Infinity,
      "fcf_margin_change": 0.14979100166467924
    },
    {
      "date": "2025-09-30T00:00:00",
      "quarter_label": "2025-09 (Q3)",
      "revenue": 23896448,
      "gross_profit": 13842782,
      "operating_income": -1980509,
      "net_income": -3225020,
      "opex": 15823291,
      "cogs": 10053666,
      "rd": null,
      "sga": null,
      "fcf": -6823623,
      "ocf": -6582987,
      "capex": -240636,
      "gross_margin": 0.5792819920349669,
      "op_margin": -0.08287880274089271,
      "fcf_margin": -0.28554967667161246,
      "incr_op_margin_yoy": 0.2364826781278378,
      "rev_growth_yoy": 0.21561519398939002,
      "rev_growth_yoy_accel": -0.014818743986766025,
      "op_leverage_ratio": Infinity,
      "fcf_margin_change": -0.13523736190738567
    }
  ],
  "signals": [
    {
      "quarter": "2025-06 (Q2)",
      "signal": "FCF MARGIN EXPANSION",
      "detail": "FCF margin: -30.0% -> -15.0% (+15.0%)",
      "severity": "MEDIUM"
    },
    {
      "quarter": "2025-06 (Q2)",
      "signal": "YoY REVENUE GROWTH ACCELERATION",
      "detail": "YoY growth: +23.0% vs prior quarter YoY: -54.9% (accel: +78.0%)",
      "severity": "HIGH"
    },
    {
      "quarter": "2025-03 (Q1)",
      "signal": "YoY REVENUE GROWTH DECELERATION",
      "detail": "YoY growth: -54.9% vs prior quarter YoY: -18.9% (decel: -36.1%)",
      "severity": "WARNING"
    },
    {
      "quarter": "2024-12 (Q4)",
      "signal": "FCF MARGIN EXPANSION",
      "detail": "FCF margin: +1.1% -> +18.2% (+17.1%)",
      "severity": "MEDIUM"
    },
    {
      "quarter": "2024-12 (Q4)",
      "signal": "GROSS MARGIN INFLECTION",
      "detail": "GM: +52.0% -> +50.2% -> +73.6% (reversal +23.4%)",
      "severity": "HIGH"
    },
    {
      "quarter": "2024-12 (Q4)",
      "signal": "YoY REVENUE GROWTH ACCELERATION",
      "detail": "YoY growth: -18.9% vs prior quarter YoY: -48.1% (accel: +29.3%)",
      "severity": "HIGH"
    },
    {
      "quarter": "2024-09 (Q3)",
      "signal": "FCF TURNED POSITIVE",
      "detail": "FCF margin: -15.7% -> +1.1%",
      "severity": "HIGH"
    },
    {
      "quarter": "2024-06 (Q2)",
      "signal": "FCF MARGIN EXPANSION",
      "detail": "FCF margin: -53.3% -> -15.7% (+37.6%)",
      "severity": "MEDIUM"
    },
    {
      "quarter": "2024-06 (Q2)",
      "signal": "YoY REVENUE GROWTH DECELERATION",
      "detail": "YoY growth: -51.1% vs prior quarter YoY: +4.0% (decel: -55.1%)",
      "severity": "WARNING"
    },
    {
      "quarter": "2023-12 (Q4)",
      "signal": "FCF MARGIN EXPANSION",
      "detail": "FCF margin: +11.7% -> +23.7% (+11.9%)",
      "severity": "MEDIUM"
    },
    {
      "quarter": "2023-09 (Q3)",
      "signal": "FCF TURNED POSITIVE",
      "detail": "FCF margin: -1.3% -> +11.7%",
      "severity": "HIGH"
    },
    {
      "quarter": "2023-09 (Q3)",
      "signal": "OPERATING LEVERAGE",
      "detail": "Rev growth +26.0% vs OpEx growth +15.9% (leverage: 1.6x)",
      "severity": "MEDIUM"
    }
  ],
  "data_quality": {
    "n_quarters": 11,
    "coverage": {
      "revenue": [
        11,
        11
      ],
      "gross_profit": [
        8,
        11
      ],
      "op_income": [
        11,
        11
      ],
      "fcf": [
        11,
        11
      ]
    },
    "gaps": [],
    "warnings": [
      "gross_profit: 8/11Q"
    ]
  },
  "market_cap": null,
  "source": "SEC EDGAR",
  "last_updated": "2026-02-02T23:15:21.460397"
}