{
  "ticker": "ZEUS",
  "name": "OLYMPIC STEEL INC",
  "quarters": [
    {
      "date": "2020-12-31T00:00:00",
      "quarter_label": "2020-12 (Q4)",
      "revenue": 331547000,
      "gross_profit": null,
      "operating_income": 5370000,
      "net_income": 1786000,
      "opex": 326177000,
      "cogs": null,
      "rd": null,
      "sga": null,
      "fcf": 31164000,
      "ocf": 32999000,
      "capex": -1835000,
      "gross_margin": null,
      "op_margin": 0.016196798643932836,
      "fcf_margin": 0.09399572307998565
    },
    {
      "date": "2021-03-31T00:00:00",
      "quarter_label": "2021-03 (Q1)",
      "revenue": 463124000,
      "gross_profit": null,
      "operating_income": 31590000,
      "net_income": 22008000,
      "opex": 431534000,
      "cogs": null,
      "rd": null,
      "sga": null,
      "fcf": -28006000,
      "ocf": -25720000,
      "capex": -2286000,
      "gross_margin": null,
      "op_margin": 0.06821067359929522,
      "fcf_margin": -0.06047192544545305,
      "op_leverage_ratio": 1.2286404683583174,
      "fcf_margin_change": -0.1544676485254387
    },
    {
      "date": "2021-06-30T00:00:00",
      "quarter_label": "2021-06 (Q2)",
      "revenue": 556077000,
      "gross_profit": null,
      "operating_income": 42437000,
      "net_income": 29649000,
      "opex": 513640000,
      "cogs": null,
      "rd": null,
      "sga": null,
      "fcf": -74603000,
      "ocf": -70024000,
      "capex": -4579000,
      "gross_margin": null,
      "op_margin": 0.07631497076843674,
      "fcf_margin": -0.13415947791402988,
      "op_leverage_ratio": 1.0548877458032873,
      "fcf_margin_change": -0.07368755246857683
    },
    {
      "date": "2021-09-30T00:00:00",
      "quarter_label": "2021-09 (Q3)",
      "revenue": 668466000,
      "gross_profit": null,
      "operating_income": 62160000,
      "net_income": 44533000,
      "opex": 606306000,
      "cogs": null,
      "rd": null,
      "sga": null,
      "fcf": -34352000,
      "ocf": -31193000,
      "capex": -3159000,
      "gross_margin": null,
      "op_margin": 0.09298902262792723,
      "fcf_margin": -0.0513893002785482,
      "op_leverage_ratio": 1.1202818374625663,
      "fcf_margin_change": 0.08277017763548168
    },
    {
      "date": "2021-12-31T00:00:00",
      "quarter_label": "2021-12 (Q4)",
      "revenue": 624586000,
      "gross_profit": null,
      "operating_income": 36280000,
      "net_income": 24861000,
      "opex": 588306000,
      "cogs": null,
      "rd": null,
      "sga": null,
      "fcf": -22710000,
      "ocf": -19437000,
      "capex": -3273000,
      "gross_margin": null,
      "op_margin": 0.05808647648202169,
      "fcf_margin": -0.036360084920251175,
      "incr_op_margin_yoy": 0.10548084043420841,
      "rev_growth_yoy": 0.8838535712885353,
      "fcf_margin_change": 0.015029215358297023
    },
    {
      "date": "2022-03-31T00:00:00",
      "quarter_label": "2022-03 (Q1)",
      "revenue": 696333000,
      "gross_profit": null,
      "operating_income": 53122000,
      "net_income": 37302000,
      "opex": 643211000,
      "cogs": null,
      "rd": null,
      "sga": null,
      "fcf": 12767000,
      "ocf": 14883000,
      "capex": -2116000,
      "gross_margin": null,
      "op_margin": 0.07628821267985289,
      "fcf_margin": 0.0183346186379218,
      "incr_op_margin_yoy": 0.09232919827279393,
      "rev_growth_yoy": 0.5035562829825273,
      "rev_growth_yoy_accel": -0.38029728830600795,
      "op_leverage_ratio": 1.2308436312147235,
      "fcf_margin_change": 0.05469470355817298
    },
    {
      "date": "2022-06-30T00:00:00",
      "quarter_label": "2022-06 (Q2)",
      "revenue": 709176000,
      "gross_profit": null,
      "operating_income": 53865000,
      "net_income": 37624000,
      "opex": 655311000,
      "cogs": null,
      "rd": null,
      "sga": null,
      "fcf": 24898000,
      "ocf": 32804000,
      "capex": -7906000,
      "gross_margin": null,
      "op_margin": 0.07595434701681952,
      "fcf_margin": 0.03510835110043205,
      "incr_op_margin_yoy": 0.07464451106800175,
      "rev_growth_yoy": 0.27531978484993985,
      "rev_growth_yoy_accel": -0.22823649813258745,
      "op_leverage_ratio": 0.9804322714506323,
      "fcf_margin_change": 0.01677373246251025
    },
    {
      "date": "2022-09-30T00:00:00",
      "quarter_label": "2022-09 (Q3)",
      "revenue": 634437000,
      "gross_profit": null,
      "operating_income": 19086000,
      "net_income": 12046000,
      "opex": 615351000,
      "cogs": null,
      "rd": null,
      "sga": null,
      "fcf": 46672000,
      "ocf": 50613000,
      "capex": -3941000,
      "gross_margin": null,
      "op_margin": 0.03008336525139612,
      "fcf_margin": 0.07356443586991301,
      "incr_op_margin_yoy": 1.2658026976990213,
      "rev_growth_yoy": -0.050906104424159195,
      "rev_growth_yoy_accel": -0.32622588927409907,
      "fcf_margin_change": 0.03845608476948097
    },
    {
      "date": "2022-12-31T00:00:00",
      "quarter_label": "2022-12 (Q4)",
      "revenue": 520044000,
      "gross_profit": null,
      "operating_income": 7674000,
      "net_income": 3959000,
      "opex": -1581298000,
      "cogs": null,
      "rd": null,
      "sga": null,
      "fcf": 81662000,
      "ocf": 87553000,
      "capex": -5891000,
      "gross_margin": null,
      "op_margin": 0.0147564436855343,
      "fcf_margin": 0.15702902062133203,
      "incr_op_margin_yoy": 0.2736316504371449,
      "rev_growth_yoy": -0.16737807123438567,
      "rev_growth_yoy_accel": -0.11647196681022648,
      "fcf_margin_change": 0.08346458475141902
    },
    {
      "date": "2023-03-31T00:00:00",
      "quarter_label": "2023-03 (Q1)",
      "revenue": 573076000,
      "gross_profit": null,
      "operating_income": 17723000,
      "net_income": 9872000,
      "opex": 555353000,
      "cogs": null,
      "rd": null,
      "sga": null,
      "fcf": 45025000,
      "ocf": 52440000,
      "capex": -7415000,
      "gross_margin": null,
      "op_margin": 0.03092609008229275,
      "fcf_margin": 0.07856724064521983,
      "incr_op_margin_yoy": 0.28719667037166247,
      "rev_growth_yoy": -0.17700870129664972,
      "rev_growth_yoy_accel": -0.009630630062264056,
      "op_leverage_ratio": Infinity,
      "fcf_margin_change": -0.0784617799761122
    },
    {
      "date": "2023-06-30T00:00:00",
      "quarter_label": "2023-06 (Q2)",
      "revenue": 569268000,
      "gross_profit": null,
      "operating_income": 25772000,
      "net_income": 15019000,
      "opex": 543496000,
      "cogs": null,
      "rd": null,
      "sga": null,
      "fcf": 19054000,
      "ocf": 26756000,
      "capex": -7702000,
      "gross_margin": null,
      "op_margin": 0.04527217409023518,
      "fcf_margin": 0.033471054055383406,
      "incr_op_margin_yoy": 0.20079623752751807,
      "rev_growth_yoy": -0.19728247994856002,
      "rev_growth_yoy_accel": -0.020273778651910296,
      "fcf_margin_change": -0.045096186589836426
    },
    {
      "date": "2023-09-30T00:00:00",
      "quarter_label": "2023-09 (Q3)",
      "revenue": 526411000,
      "gross_profit": null,
      "operating_income": 20885000,
      "net_income": 12230000,
      "opex": 505526000,
      "cogs": null,
      "rd": null,
      "sga": null,
      "fcf": 37356000,
      "ocf": 41803000,
      "capex": -4447000,
      "gross_margin": null,
      "op_margin": 0.039674322914984676,
      "fcf_margin": 0.07096356269150911,
      "incr_op_margin_yoy": -0.016653398255975414,
      "rev_growth_yoy": -0.17027064941042216,
      "rev_growth_yoy_accel": 0.027011830538137854,
      "fcf_margin_change": 0.0374925086361257
    },
    {
      "date": "2023-12-31T00:00:00",
      "quarter_label": "2023-12 (Q4)",
      "revenue": 489408000,
      "gross_profit": null,
      "operating_income": 13291000,
      "net_income": 7408000,
      "opex": -1234989000,
      "cogs": null,
      "rd": null,
      "sga": null,
      "fcf": 52398000,
      "ocf": 54160000,
      "capex": -1762000,
      "gross_margin": null,
      "op_margin": 0.02715730024846345,
      "fcf_margin": 0.10706404472342095,
      "incr_op_margin_yoy": -0.183346389868129,
      "rev_growth_yoy": -0.05891039988924014,
      "rev_growth_yoy_accel": 0.11136024952118202,
      "fcf_margin_change": 0.03610048203191184
    },
    {
      "date": "2024-03-31T00:00:00",
      "quarter_label": "2024-03 (Q1)",
      "revenue": 526642000,
      "gross_profit": null,
      "operating_income": 15938000,
      "net_income": 8697000,
      "opex": 95832000,
      "cogs": null,
      "rd": null,
      "sga": null,
      "fcf": -7426000,
      "ocf": -2608000,
      "capex": -4818000,
      "gross_margin": null,
      "op_margin": 0.03026344271820326,
      "fcf_margin": -0.014100660410677462,
      "incr_op_margin_yoy": 0.038441659129086446,
      "rev_growth_yoy": -0.08102590232360106,
      "rev_growth_yoy_accel": -0.022115502434360917,
      "op_leverage_ratio": Infinity,
      "fcf_margin_change": -0.12116470513409841
    },
    {
      "date": "2024-06-30T00:00:00",
      "quarter_label": "2024-06 (Q2)",
      "revenue": 526250000,
      "gross_profit": null,
      "operating_income": 15110000,
      "net_income": 7660000,
      "opex": 97366000,
      "cogs": null,
      "rd": null,
      "sga": null,
      "fcf": -11327000,
      "ocf": -2904000,
      "capex": -8423000,
      "gross_margin": null,
      "op_margin": 0.028712589073634203,
      "fcf_margin": -0.021523990498812352,
      "incr_op_margin_yoy": 0.24784973731926171,
      "rev_growth_yoy": -0.07556721965752511,
      "rev_growth_yoy_accel": 0.005458682666075951,
      "fcf_margin_change": -0.0074233300881348906
    },
    {
      "date": "2024-09-30T00:00:00",
      "quarter_label": "2024-09 (Q3)",
      "revenue": 469996000,
      "gross_profit": null,
      "operating_income": 7809000,
      "net_income": 2734000,
      "opex": 91809000,
      "cogs": null,
      "rd": null,
      "sga": null,
      "fcf": 15559000,
      "ocf": 24626000,
      "capex": -9067000,
      "gross_margin": null,
      "op_margin": 0.016615035021574652,
      "fcf_margin": 0.033104537059889874,
      "incr_op_margin_yoy": 0.2317823273951963,
      "rev_growth_yoy": -0.10716911310743886,
      "rev_growth_yoy_accel": -0.03160189344991375,
      "fcf_margin_change": 0.054628527558702226
    },
    {
      "date": "2024-12-31T00:00:00",
      "quarter_label": "2024-12 (Q4)",
      "revenue": 418784000,
      "gross_profit": null,
      "operating_income": 9002000,
      "net_income": 3889000,
      "opex": 88185000,
      "cogs": null,
      "rd": null,
      "sga": null,
      "fcf": 7386000,
      "ocf": 14565000,
      "capex": -7179000,
      "gross_margin": null,
      "op_margin": 0.021495568121036143,
      "fcf_margin": 0.017636776954229386,
      "incr_op_margin_yoy": 0.060730063434526506,
      "rev_growth_yoy": -0.1443049561919707,
      "rev_growth_yoy_accel": -0.03713584308453184,
      "fcf_margin_change": -0.015467760105660488
    },
    {
      "date": "2025-03-31T00:00:00",
      "quarter_label": "2025-03 (Q1)",
      "revenue": 492941000,
      "gross_profit": null,
      "operating_income": 7793000,
      "net_income": 2509000,
      "opex": 102351000,
      "cogs": null,
      "rd": null,
      "sga": null,
      "fcf": 40587000,
      "ocf": 49418000,
      "capex": -8831000,
      "gross_margin": null,
      "op_margin": 0.01580919420376881,
      "fcf_margin": 0.08233642565743161,
      "incr_op_margin_yoy": 0.24168422302008843,
      "rev_growth_yoy": -0.06399223761112863,
      "rev_growth_yoy_accel": 0.08031271858084207,
      "op_leverage_ratio": 1.102324736656327,
      "fcf_margin_change": 0.06469964870320223
    },
    {
      "date": "2025-06-30T00:00:00",
      "quarter_label": "2025-06 (Q2)",
      "revenue": 496483000,
      "gross_profit": null,
      "operating_income": 11373000,
      "net_income": 5237000,
      "opex": 102216000,
      "cogs": null,
      "rd": null,
      "sga": null,
      "fcf": 6821000,
      "ocf": 15507000,
      "capex": -8686000,
      "gross_margin": null,
      "op_margin": 0.022907128743582358,
      "fcf_margin": 0.01373863757671461,
      "incr_op_margin_yoy": 0.12554170725971714,
      "rev_growth_yoy": -0.05656437054631829,
      "rev_growth_yoy_accel": 0.007427867064810335,
      "fcf_margin_change": -0.06859778808071701
    },
    {
      "date": "2025-09-30T00:00:00",
      "quarter_label": "2025-09 (Q3)",
      "revenue": 490655000,
      "gross_profit": null,
      "operating_income": 7264000,
      "net_income": 2154000,
      "opex": 102386000,
      "cogs": null,
      "rd": null,
      "sga": null,
      "fcf": -12872000,
      "ocf": -5391000,
      "capex": -7481000,
      "gross_margin": null,
      "op_margin": 0.014804699840009783,
      "fcf_margin": -0.026234319430149495,
      "incr_op_margin_yoy": -0.026380754150733335,
      "rev_growth_yoy": 0.043955693239942466,
      "rev_growth_yoy_accel": 0.10052006378626076,
      "fcf_margin_change": -0.0399729570068641
    }
  ],
  "signals": [
    {
      "quarter": "2025-09 (Q3)",
      "signal": "YoY REVENUE GROWTH ACCELERATION",
      "detail": "YoY growth: +4.4% vs prior quarter YoY: -5.7% (accel: +10.1%)",
      "severity": "MEDIUM"
    },
    {
      "quarter": "2025-03 (Q1)",
      "signal": "FCF MARGIN EXPANSION",
      "detail": "FCF margin: +1.8% -> +8.2% (+6.5%)",
      "severity": "MEDIUM"
    },
    {
      "quarter": "2025-03 (Q1)",
      "signal": "YoY REVENUE GROWTH ACCELERATION",
      "detail": "YoY growth: -6.4% vs prior quarter YoY: -14.4% (accel: +8.0%)",
      "severity": "MEDIUM"
    },
    {
      "quarter": "2025-03 (Q1)",
      "signal": "INCREMENTAL MARGIN (YoY)",
      "detail": "YoY Incr OPM: +24.2% vs year-ago OPM: +3.0%",
      "severity": "HIGH"
    },
    {
      "quarter": "2024-09 (Q3)",
      "signal": "FCF TURNED POSITIVE",
      "detail": "FCF margin: -2.2% -> +3.3%",
      "severity": "HIGH"
    },
    {
      "quarter": "2024-09 (Q3)",
      "signal": "INCREMENTAL MARGIN (YoY)",
      "detail": "YoY Incr OPM: +23.2% vs year-ago OPM: +4.0%",
      "severity": "MEDIUM"
    },
    {
      "quarter": "2024-06 (Q2)",
      "signal": "INCREMENTAL MARGIN (YoY)",
      "detail": "YoY Incr OPM: +24.8% vs year-ago OPM: +4.5%",
      "severity": "HIGH"
    },
    {
      "quarter": "2023-12 (Q4)",
      "signal": "YoY REVENUE GROWTH ACCELERATION",
      "detail": "YoY growth: -5.9% vs prior quarter YoY: -17.0% (accel: +11.1%)",
      "severity": "MEDIUM"
    },
    {
      "quarter": "2023-06 (Q2)",
      "signal": "INCREMENTAL MARGIN (YoY)",
      "detail": "YoY Incr OPM: +20.1% vs year-ago OPM: +7.6%",
      "severity": "MEDIUM"
    },
    {
      "quarter": "2023-03 (Q1)",
      "signal": "INCREMENTAL MARGIN (YoY)",
      "detail": "YoY Incr OPM: +28.7% vs year-ago OPM: +7.6%",
      "severity": "HIGH"
    },
    {
      "quarter": "2022-12 (Q4)",
      "signal": "FCF MARGIN EXPANSION",
      "detail": "FCF margin: +7.4% -> +15.7% (+8.3%)",
      "severity": "MEDIUM"
    },
    {
      "quarter": "2022-12 (Q4)",
      "signal": "YoY REVENUE GROWTH DECELERATION",
      "detail": "YoY growth: -16.7% vs prior quarter YoY: -5.1% (decel: -11.6%)",
      "severity": "WARNING"
    },
    {
      "quarter": "2022-12 (Q4)",
      "signal": "INCREMENTAL MARGIN (YoY)",
      "detail": "YoY Incr OPM: +27.4% vs year-ago OPM: +5.8%",
      "severity": "HIGH"
    },
    {
      "quarter": "2022-09 (Q3)",
      "signal": "YoY REVENUE GROWTH DECELERATION",
      "detail": "YoY growth: -5.1% vs prior quarter YoY: +27.5% (decel: -32.6%)",
      "severity": "WARNING"
    },
    {
      "quarter": "2022-09 (Q3)",
      "signal": "INCREMENTAL MARGIN (YoY)",
      "detail": "YoY Incr OPM: +126.6% vs year-ago OPM: +9.3%",
      "severity": "HIGH"
    },
    {
      "quarter": "2022-06 (Q2)",
      "signal": "YoY REVENUE GROWTH DECELERATION",
      "detail": "YoY growth: +27.5% vs prior quarter YoY: +50.4% (decel: -22.8%)",
      "severity": "WARNING"
    },
    {
      "quarter": "2022-03 (Q1)",
      "signal": "FCF TURNED POSITIVE",
      "detail": "FCF margin: -3.6% -> +1.8%",
      "severity": "HIGH"
    },
    {
      "quarter": "2022-03 (Q1)",
      "signal": "YoY REVENUE GROWTH DECELERATION",
      "detail": "YoY growth: +50.4% vs prior quarter YoY: +88.4% (decel: -38.0%)",
      "severity": "WARNING"
    },
    {
      "quarter": "2021-09 (Q3)",
      "signal": "FCF MARGIN EXPANSION",
      "detail": "FCF margin: -13.4% -> -5.1% (+8.3%)",
      "severity": "MEDIUM"
    }
  ],
  "data_quality": {
    "n_quarters": 20,
    "coverage": {
      "revenue": [
        20,
        20
      ],
      "gross_profit": [
        0,
        20
      ],
      "op_income": [
        20,
        20
      ],
      "fcf": [
        20,
        20
      ]
    },
    "gaps": [],
    "warnings": [
      "gross_profit: no data"
    ]
  },
  "market_cap": null,
  "source": "SEC EDGAR",
  "last_updated": "2026-02-02T22:22:23.323960"
}