{
  "ticker": "ZIONP",
  "name": "ZIONS BANCORPORATION, NATIONAL ASSOCIATION",
  "quarters": [
    {
      "date": "2020-12-31T00:00:00",
      "quarter_label": "2020-12 (Q4)",
      "revenue": 138000000,
      "gross_profit": null,
      "operating_income": null,
      "net_income": 284000000,
      "opex": null,
      "cogs": null,
      "rd": null,
      "sga": null,
      "fcf": 123000000,
      "ocf": 171000000,
      "capex": -48000000,
      "gross_margin": null,
      "op_margin": null,
      "fcf_margin": 0.8913043478260869
    },
    {
      "date": "2021-03-31T00:00:00",
      "quarter_label": "2021-03 (Q1)",
      "revenue": 133000000,
      "gross_profit": null,
      "operating_income": null,
      "net_income": 322000000,
      "opex": null,
      "cogs": null,
      "rd": null,
      "sga": null,
      "fcf": 431000000,
      "ocf": 484000000,
      "capex": -53000000,
      "gross_margin": null,
      "op_margin": null,
      "fcf_margin": 3.2406015037593985,
      "fcf_margin_change": 2.3492971559333116
    },
    {
      "date": "2021-06-30T00:00:00",
      "quarter_label": "2021-06 (Q2)",
      "revenue": 139000000,
      "gross_profit": null,
      "operating_income": null,
      "net_income": 354000000,
      "opex": null,
      "cogs": null,
      "rd": null,
      "sga": null,
      "fcf": -232000000,
      "ocf": -201000000,
      "capex": -31000000,
      "gross_margin": null,
      "op_margin": null,
      "fcf_margin": -1.669064748201439,
      "fcf_margin_change": -4.909666251960838
    },
    {
      "date": "2021-09-30T00:00:00",
      "quarter_label": "2021-09 (Q3)",
      "revenue": 151000000,
      "gross_profit": null,
      "operating_income": null,
      "net_income": 240000000,
      "opex": null,
      "cogs": null,
      "rd": null,
      "sga": null,
      "fcf": 111000000,
      "ocf": 180000000,
      "capex": -69000000,
      "gross_margin": null,
      "op_margin": null,
      "fcf_margin": 0.7350993377483444,
      "fcf_margin_change": 2.404164085949783
    },
    {
      "date": "2021-12-31T00:00:00",
      "quarter_label": "2021-12 (Q4)",
      "revenue": 152000000,
      "gross_profit": null,
      "operating_income": null,
      "net_income": 213000000,
      "opex": null,
      "cogs": null,
      "rd": null,
      "sga": null,
      "fcf": 113000000,
      "ocf": 166000000,
      "capex": -53000000,
      "gross_margin": null,
      "op_margin": null,
      "fcf_margin": 0.743421052631579,
      "rev_growth_yoy": 0.10144927536231885,
      "fcf_margin_change": 0.008321714883234632
    },
    {
      "date": "2022-03-31T00:00:00",
      "quarter_label": "2022-03 (Q1)",
      "revenue": 151000000,
      "gross_profit": null,
      "operating_income": null,
      "net_income": 203000000,
      "opex": null,
      "cogs": null,
      "rd": null,
      "sga": null,
      "fcf": 235000000,
      "ocf": 288000000,
      "capex": -53000000,
      "gross_margin": null,
      "op_margin": null,
      "fcf_margin": 1.5562913907284768,
      "rev_growth_yoy": 0.13533834586466165,
      "rev_growth_yoy_accel": 0.0338890705023428,
      "fcf_margin_change": 0.8128703380968978
    },
    {
      "date": "2022-06-30T00:00:00",
      "quarter_label": "2022-06 (Q2)",
      "revenue": 154000000,
      "gross_profit": null,
      "operating_income": null,
      "net_income": 203000000,
      "opex": null,
      "cogs": null,
      "rd": null,
      "sga": null,
      "fcf": 467000000,
      "ocf": 516000000,
      "capex": -49000000,
      "gross_margin": null,
      "op_margin": null,
      "fcf_margin": 3.0324675324675323,
      "rev_growth_yoy": 0.1079136690647482,
      "rev_growth_yoy_accel": -0.02742467679991345,
      "fcf_margin_change": 1.4761761417390555
    },
    {
      "date": "2022-09-30T00:00:00",
      "quarter_label": "2022-09 (Q3)",
      "revenue": 156000000,
      "gross_profit": null,
      "operating_income": null,
      "net_income": 217000000,
      "opex": null,
      "cogs": null,
      "rd": null,
      "sga": null,
      "fcf": 120000000,
      "ocf": 172000000,
      "capex": -52000000,
      "gross_margin": null,
      "op_margin": null,
      "fcf_margin": 0.7692307692307693,
      "rev_growth_yoy": 0.033112582781456956,
      "rev_growth_yoy_accel": -0.07480108628329124,
      "fcf_margin_change": -2.263236763236763
    },
    {
      "date": "2022-12-31T00:00:00",
      "quarter_label": "2022-12 (Q4)",
      "revenue": 153000000,
      "gross_profit": null,
      "operating_income": null,
      "net_income": 284000000,
      "opex": null,
      "cogs": null,
      "rd": null,
      "sga": null,
      "fcf": 458000000,
      "ocf": 494000000,
      "capex": -36000000,
      "gross_margin": null,
      "op_margin": null,
      "fcf_margin": 2.9934640522875817,
      "rev_growth_yoy": 0.006578947368421052,
      "rev_growth_yoy_accel": -0.026533635413035904,
      "fcf_margin_change": 2.2242332830568126
    },
    {
      "date": "2023-03-31T00:00:00",
      "quarter_label": "2023-03 (Q1)",
      "revenue": 151000000,
      "gross_profit": null,
      "operating_income": null,
      "net_income": 204000000,
      "opex": null,
      "cogs": null,
      "rd": null,
      "sga": null,
      "fcf": 190000000,
      "ocf": 221000000,
      "capex": -31000000,
      "gross_margin": null,
      "op_margin": null,
      "fcf_margin": 1.2582781456953642,
      "rev_growth_yoy": 0.0,
      "rev_growth_yoy_accel": -0.006578947368421052,
      "fcf_margin_change": -1.7351859065922175
    },
    {
      "date": "2023-06-30T00:00:00",
      "quarter_label": "2023-06 (Q2)",
      "revenue": 162000000,
      "gross_profit": null,
      "operating_income": null,
      "net_income": 175000000,
      "opex": null,
      "cogs": null,
      "rd": null,
      "sga": null,
      "fcf": 576000000,
      "ocf": 598000000,
      "capex": -22000000,
      "gross_margin": null,
      "op_margin": null,
      "fcf_margin": 3.5555555555555554,
      "rev_growth_yoy": 0.05194805194805195,
      "rev_growth_yoy_accel": 0.05194805194805195,
      "fcf_margin_change": 2.2972774098601914
    },
    {
      "date": "2023-09-30T00:00:00",
      "quarter_label": "2023-09 (Q3)",
      "revenue": 157000000,
      "gross_profit": null,
      "operating_income": null,
      "net_income": 175000000,
      "opex": null,
      "cogs": null,
      "rd": null,
      "sga": null,
      "fcf": 280000000,
      "ocf": 311000000,
      "capex": -31000000,
      "gross_margin": null,
      "op_margin": null,
      "fcf_margin": 1.78343949044586,
      "rev_growth_yoy": 0.00641025641025641,
      "rev_growth_yoy_accel": -0.04553779553779554,
      "fcf_margin_change": -1.7721160651096954
    },
    {
      "date": "2023-12-31T00:00:00",
      "quarter_label": "2023-12 (Q4)",
      "revenue": 150000000,
      "gross_profit": null,
      "operating_income": null,
      "net_income": 126000000,
      "opex": null,
      "cogs": null,
      "rd": null,
      "sga": null,
      "fcf": -274000000,
      "ocf": -245000000,
      "capex": -29000000,
      "gross_margin": null,
      "op_margin": null,
      "fcf_margin": -1.8266666666666667,
      "rev_growth_yoy": -0.0196078431372549,
      "rev_growth_yoy_accel": -0.02601809954751131,
      "fcf_margin_change": -3.6101061571125266
    },
    {
      "date": "2024-03-31T00:00:00",
      "quarter_label": "2024-03 (Q1)",
      "revenue": 151000000,
      "gross_profit": null,
      "operating_income": null,
      "net_income": 153000000,
      "opex": null,
      "cogs": null,
      "rd": null,
      "sga": null,
      "fcf": 231000000,
      "ocf": 261000000,
      "capex": -30000000,
      "gross_margin": null,
      "op_margin": null,
      "fcf_margin": 1.5298013245033113,
      "rev_growth_yoy": 0.0,
      "rev_growth_yoy_accel": 0.0196078431372549,
      "fcf_margin_change": 3.356467991169978
    },
    {
      "date": "2024-06-30T00:00:00",
      "quarter_label": "2024-06 (Q2)",
      "revenue": 154000000,
      "gross_profit": null,
      "operating_income": null,
      "net_income": 201000000,
      "opex": null,
      "cogs": null,
      "rd": null,
      "sga": null,
      "fcf": 234000000,
      "ocf": 251000000,
      "capex": -17000000,
      "gross_margin": null,
      "op_margin": null,
      "fcf_margin": 1.5194805194805194,
      "rev_growth_yoy": -0.04938271604938271,
      "rev_growth_yoy_accel": -0.04938271604938271,
      "fcf_margin_change": -0.010320805022791868
    },
    {
      "date": "2024-09-30T00:00:00",
      "quarter_label": "2024-09 (Q3)",
      "revenue": 161000000,
      "gross_profit": null,
      "operating_income": null,
      "net_income": 214000000,
      "opex": null,
      "cogs": null,
      "rd": null,
      "sga": null,
      "fcf": 97000000,
      "ocf": 119000000,
      "capex": -22000000,
      "gross_margin": null,
      "op_margin": null,
      "fcf_margin": 0.6024844720496895,
      "rev_growth_yoy": 0.025477707006369428,
      "rev_growth_yoy_accel": 0.07486042305575213,
      "fcf_margin_change": -0.91699604743083
    },
    {
      "date": "2024-12-31T00:00:00",
      "quarter_label": "2024-12 (Q4)",
      "revenue": 173000000,
      "gross_profit": null,
      "operating_income": null,
      "net_income": 216000000,
      "opex": null,
      "cogs": null,
      "rd": null,
      "sga": null,
      "fcf": 489000000,
      "ocf": 517000000,
      "capex": -28000000,
      "gross_margin": null,
      "op_margin": null,
      "fcf_margin": 2.8265895953757227,
      "rev_growth_yoy": 0.15333333333333332,
      "rev_growth_yoy_accel": 0.1278556263269639,
      "fcf_margin_change": 2.224105123326033
    },
    {
      "date": "2025-03-31T00:00:00",
      "quarter_label": "2025-03 (Q1)",
      "revenue": 158000000,
      "gross_profit": null,
      "operating_income": null,
      "net_income": 170000000,
      "opex": null,
      "cogs": null,
      "rd": null,
      "sga": null,
      "fcf": 152000000,
      "ocf": 179000000,
      "capex": -27000000,
      "gross_margin": null,
      "op_margin": null,
      "fcf_margin": 0.9620253164556962,
      "rev_growth_yoy": 0.046357615894039736,
      "rev_growth_yoy_accel": -0.10697571743929359,
      "fcf_margin_change": -1.8645642789200265
    },
    {
      "date": "2025-06-30T00:00:00",
      "quarter_label": "2025-06 (Q2)",
      "revenue": 164000000,
      "gross_profit": null,
      "operating_income": null,
      "net_income": 244000000,
      "opex": null,
      "cogs": null,
      "rd": null,
      "sga": null,
      "fcf": -93000000,
      "ocf": -62000000,
      "capex": -31000000,
      "gross_margin": null,
      "op_margin": null,
      "fcf_margin": -0.5670731707317073,
      "rev_growth_yoy": 0.06493506493506493,
      "rev_growth_yoy_accel": 0.018577449041025193,
      "fcf_margin_change": -1.5290984871874036
    },
    {
      "date": "2025-09-30T00:00:00",
      "quarter_label": "2025-09 (Q3)",
      "revenue": 163000000,
      "gross_profit": null,
      "operating_income": null,
      "net_income": 222000000,
      "opex": null,
      "cogs": null,
      "rd": null,
      "sga": null,
      "fcf": 413000000,
      "ocf": 438000000,
      "capex": -25000000,
      "gross_margin": null,
      "op_margin": null,
      "fcf_margin": 2.5337423312883436,
      "rev_growth_yoy": 0.012422360248447204,
      "rev_growth_yoy_accel": -0.05251270468661773,
      "fcf_margin_change": 3.1008155020200507
    }
  ],
  "signals": [
    {
      "quarter": "2025-09 (Q3)",
      "signal": "FCF TURNED POSITIVE",
      "detail": "FCF margin: -56.7% -> +253.4%",
      "severity": "HIGH"
    },
    {
      "quarter": "2025-09 (Q3)",
      "signal": "YoY REVENUE GROWTH DECELERATION",
      "detail": "YoY growth: +1.2% vs prior quarter YoY: +6.5% (decel: -5.3%)",
      "severity": "WARNING"
    },
    {
      "quarter": "2025-03 (Q1)",
      "signal": "YoY REVENUE GROWTH DECELERATION",
      "detail": "YoY growth: +4.6% vs prior quarter YoY: +15.3% (decel: -10.7%)",
      "severity": "WARNING"
    },
    {
      "quarter": "2024-12 (Q4)",
      "signal": "FCF MARGIN EXPANSION",
      "detail": "FCF margin: +60.2% -> +282.7% (+222.4%)",
      "severity": "MEDIUM"
    },
    {
      "quarter": "2024-12 (Q4)",
      "signal": "YoY REVENUE GROWTH ACCELERATION",
      "detail": "YoY growth: +15.3% vs prior quarter YoY: +2.5% (accel: +12.8%)",
      "severity": "MEDIUM"
    },
    {
      "quarter": "2024-09 (Q3)",
      "signal": "YoY REVENUE GROWTH ACCELERATION",
      "detail": "YoY growth: +2.5% vs prior quarter YoY: -4.9% (accel: +7.5%)",
      "severity": "MEDIUM"
    },
    {
      "quarter": "2024-03 (Q1)",
      "signal": "FCF TURNED POSITIVE",
      "detail": "FCF margin: -182.7% -> +153.0%",
      "severity": "HIGH"
    },
    {
      "quarter": "2023-06 (Q2)",
      "signal": "FCF MARGIN EXPANSION",
      "detail": "FCF margin: +125.8% -> +355.6% (+229.7%)",
      "severity": "MEDIUM"
    },
    {
      "quarter": "2023-06 (Q2)",
      "signal": "YoY REVENUE GROWTH ACCELERATION",
      "detail": "YoY growth: +5.2% vs prior quarter YoY: +0.0% (accel: +5.2%)",
      "severity": "MEDIUM"
    },
    {
      "quarter": "2022-12 (Q4)",
      "signal": "FCF MARGIN EXPANSION",
      "detail": "FCF margin: +76.9% -> +299.3% (+222.4%)",
      "severity": "MEDIUM"
    },
    {
      "quarter": "2022-09 (Q3)",
      "signal": "YoY REVENUE GROWTH DECELERATION",
      "detail": "YoY growth: +3.3% vs prior quarter YoY: +10.8% (decel: -7.5%)",
      "severity": "WARNING"
    },
    {
      "quarter": "2022-06 (Q2)",
      "signal": "FCF MARGIN EXPANSION",
      "detail": "FCF margin: +155.6% -> +303.2% (+147.6%)",
      "severity": "MEDIUM"
    },
    {
      "quarter": "2022-03 (Q1)",
      "signal": "FCF MARGIN EXPANSION",
      "detail": "FCF margin: +74.3% -> +155.6% (+81.3%)",
      "severity": "MEDIUM"
    },
    {
      "quarter": "2021-09 (Q3)",
      "signal": "FCF TURNED POSITIVE",
      "detail": "FCF margin: -166.9% -> +73.5%",
      "severity": "HIGH"
    },
    {
      "quarter": "2021-03 (Q1)",
      "signal": "FCF MARGIN EXPANSION",
      "detail": "FCF margin: +89.1% -> +324.1% (+234.9%)",
      "severity": "MEDIUM"
    }
  ],
  "data_quality": {
    "n_quarters": 20,
    "coverage": {
      "revenue": [
        20,
        20
      ],
      "gross_profit": [
        0,
        20
      ],
      "op_income": [
        0,
        20
      ],
      "fcf": [
        20,
        20
      ]
    },
    "gaps": [],
    "warnings": [
      "gross_profit: no data",
      "op_income: no data"
    ]
  },
  "market_cap": null,
  "source": "SEC EDGAR",
  "last_updated": "2026-02-03T01:07:23.495241"
}