{
  "ticker": "ZTS",
  "name": "Zoetis Inc.",
  "sector": "Healthcare",
  "industry": "Drug Manufacturers - Specialty & Generic",
  "quarters": [
    {
      "date": "2021-03-31T00:00:00",
      "quarter_label": "2021-03 (Q1)",
      "revenue": 1871000000,
      "gross_profit": 1322000000,
      "operating_income": null,
      "net_income": 559000000,
      "opex": null,
      "cogs": 549000000,
      "rd": null,
      "sga": 409000000,
      "fcf": 323000000,
      "ocf": 400000000,
      "capex": -77000000,
      "gross_margin": 0.706574024585783,
      "op_margin": null,
      "fcf_margin": 0.1726349545697488
    },
    {
      "date": "2021-06-30T00:00:00",
      "quarter_label": "2021-06 (Q2)",
      "revenue": 1948000000,
      "gross_profit": 1380000000,
      "operating_income": null,
      "net_income": 512000000,
      "opex": null,
      "cogs": 568000000,
      "rd": null,
      "sga": 495000000,
      "fcf": 368000000,
      "ocf": 481000000,
      "capex": -113000000,
      "gross_margin": 0.7084188911704312,
      "op_margin": null,
      "fcf_margin": 0.188911704312115,
      "fcf_margin_change": 0.016276749742366176
    },
    {
      "date": "2021-09-30T00:00:00",
      "quarter_label": "2021-09 (Q3)",
      "revenue": 1990000000,
      "gross_profit": 1404000000,
      "operating_income": null,
      "net_income": 552000000,
      "opex": null,
      "cogs": 586000000,
      "rd": null,
      "sga": 504000000,
      "fcf": 534000000,
      "ocf": 653000000,
      "capex": -119000000,
      "gross_margin": 0.7055276381909548,
      "op_margin": null,
      "fcf_margin": 0.26834170854271355,
      "fcf_margin_change": 0.07943000423059857
    },
    {
      "date": "2021-12-31T00:00:00",
      "quarter_label": "2021-12 (Q4)",
      "revenue": 1967000000,
      "gross_profit": 1367000000,
      "operating_income": null,
      "net_income": 414000000,
      "opex": null,
      "cogs": 600000000,
      "rd": null,
      "sga": 593000000,
      "fcf": 511000000,
      "ocf": 679000000,
      "capex": -168000000,
      "gross_margin": 0.6949669547534316,
      "op_margin": null,
      "fcf_margin": 0.2597864768683274,
      "fcf_margin_change": -0.008555231674386155
    },
    {
      "date": "2022-03-31T00:00:00",
      "quarter_label": "2022-03 (Q1)",
      "revenue": 1986000000,
      "gross_profit": 1417000000,
      "operating_income": null,
      "net_income": 595000000,
      "opex": null,
      "cogs": 569000000,
      "rd": null,
      "sga": 465000000,
      "fcf": 194000000,
      "ocf": 309000000,
      "capex": -115000000,
      "gross_margin": 0.7134944612286002,
      "op_margin": null,
      "fcf_margin": 0.09768378650553877,
      "rev_growth_yoy": 0.06146445750935329,
      "fcf_margin_change": -0.16210269036278863
    },
    {
      "date": "2022-06-30T00:00:00",
      "quarter_label": "2022-06 (Q2)",
      "revenue": 2052000000,
      "gross_profit": 1427000000,
      "operating_income": null,
      "net_income": 529000000,
      "opex": null,
      "cogs": 625000000,
      "rd": null,
      "sga": 529000000,
      "fcf": 190000000,
      "ocf": 336000000,
      "capex": -146000000,
      "gross_margin": 0.6954191033138402,
      "op_margin": null,
      "fcf_margin": 0.09259259259259259,
      "rev_growth_yoy": 0.053388090349075976,
      "rev_growth_yoy_accel": -0.008076367160277313,
      "fcf_margin_change": -0.005091193912946185
    },
    {
      "date": "2022-09-30T00:00:00",
      "quarter_label": "2022-09 (Q3)",
      "revenue": 2002000000,
      "gross_profit": 1395000000,
      "operating_income": null,
      "net_income": 529000000,
      "opex": null,
      "cogs": 607000000,
      "rd": null,
      "sga": 501000000,
      "fcf": 372000000,
      "ocf": 526000000,
      "capex": -154000000,
      "gross_margin": 0.6968031968031968,
      "op_margin": null,
      "fcf_margin": 0.18581418581418582,
      "rev_growth_yoy": 0.006030150753768844,
      "rev_growth_yoy_accel": -0.04735793959530713,
      "fcf_margin_change": 0.09322159322159324
    },
    {
      "date": "2022-12-31T00:00:00",
      "quarter_label": "2022-12 (Q4)",
      "revenue": 2040000000,
      "gross_profit": 1387000000,
      "operating_income": null,
      "net_income": 461000000,
      "opex": null,
      "cogs": 653000000,
      "rd": null,
      "sga": 514000000,
      "fcf": 570000000,
      "ocf": 741000000,
      "capex": -171000000,
      "gross_margin": 0.6799019607843138,
      "op_margin": null,
      "fcf_margin": 0.27941176470588236,
      "rev_growth_yoy": 0.03711235383833249,
      "rev_growth_yoy_accel": 0.031082203084563644,
      "fcf_margin_change": 0.09359757889169654
    },
    {
      "date": "2023-03-31T00:00:00",
      "quarter_label": "2023-03 (Q1)",
      "revenue": 2000000000,
      "gross_profit": 1412000000,
      "operating_income": null,
      "net_income": 552000000,
      "opex": null,
      "cogs": 588000000,
      "rd": null,
      "sga": 505000000,
      "fcf": 326000000,
      "ocf": 549000000,
      "capex": -223000000,
      "gross_margin": 0.706,
      "op_margin": null,
      "fcf_margin": 0.163,
      "rev_growth_yoy": 0.007049345417925478,
      "rev_growth_yoy_accel": -0.03006300842040701,
      "fcf_margin_change": -0.11641176470588235
    },
    {
      "date": "2023-06-30T00:00:00",
      "quarter_label": "2023-06 (Q2)",
      "revenue": 2180000000,
      "gross_profit": 1573000000,
      "operating_income": null,
      "net_income": 671000000,
      "opex": null,
      "cogs": 607000000,
      "rd": null,
      "sga": 556000000,
      "fcf": 17000000,
      "ocf": 183000000,
      "capex": -166000000,
      "gross_margin": 0.7215596330275229,
      "op_margin": null,
      "fcf_margin": 0.007798165137614679,
      "rev_growth_yoy": 0.06237816764132553,
      "rev_growth_yoy_accel": 0.055328822223400055,
      "fcf_margin_change": -0.1552018348623853
    },
    {
      "date": "2023-09-30T00:00:00",
      "quarter_label": "2023-09 (Q3)",
      "revenue": 2151000000,
      "gross_profit": 1513000000,
      "operating_income": null,
      "net_income": 596000000,
      "opex": null,
      "cogs": 638000000,
      "rd": null,
      "sga": 525000000,
      "fcf": 579000000,
      "ocf": 724000000,
      "capex": -145000000,
      "gross_margin": 0.703393770339377,
      "op_margin": null,
      "fcf_margin": 0.2691771269177127,
      "rev_growth_yoy": 0.07442557442557443,
      "rev_growth_yoy_accel": 0.012047406784248899,
      "fcf_margin_change": 0.261378961780098
    },
    {
      "date": "2023-12-31T00:00:00",
      "quarter_label": "2023-12 (Q4)",
      "revenue": 2213000000,
      "gross_profit": 1485000000,
      "operating_income": null,
      "net_income": 525000000,
      "opex": null,
      "cogs": 728000000,
      "rd": null,
      "sga": 565000000,
      "fcf": 699000000,
      "ocf": 897000000,
      "capex": -198000000,
      "gross_margin": 0.6710347943967465,
      "op_margin": null,
      "fcf_margin": 0.315860822413014,
      "rev_growth_yoy": 0.08480392156862746,
      "rev_growth_yoy_accel": 0.010378347143053024,
      "fcf_margin_change": 0.046683695495301325
    },
    {
      "date": "2024-03-31T00:00:00",
      "quarter_label": "2024-03 (Q1)",
      "revenue": 2190000000,
      "gross_profit": 1547000000,
      "operating_income": null,
      "net_income": 599000000,
      "opex": null,
      "cogs": 643000000,
      "rd": null,
      "sga": 547000000,
      "fcf": 455000000,
      "ocf": 595000000,
      "capex": -140000000,
      "gross_margin": 0.7063926940639269,
      "op_margin": null,
      "fcf_margin": 0.20776255707762556,
      "rev_growth_yoy": 0.095,
      "rev_growth_yoy_accel": 0.010196078431372546,
      "fcf_margin_change": -0.10809826533538844
    },
    {
      "date": "2024-06-30T00:00:00",
      "quarter_label": "2024-06 (Q2)",
      "revenue": 2361000000,
      "gross_profit": 1693000000,
      "operating_income": null,
      "net_income": 624000000,
      "opex": null,
      "cogs": 668000000,
      "rd": null,
      "sga": 581000000,
      "fcf": 370000000,
      "ocf": 502000000,
      "capex": -132000000,
      "gross_margin": 0.7170690385429903,
      "op_margin": null,
      "fcf_margin": 0.1567132570944515,
      "rev_growth_yoy": 0.08302752293577982,
      "rev_growth_yoy_accel": -0.01197247706422018,
      "fcf_margin_change": -0.05104929998317406
    },
    {
      "date": "2024-09-30T00:00:00",
      "quarter_label": "2024-09 (Q3)",
      "revenue": 2388000000,
      "gross_profit": 1687000000,
      "operating_income": null,
      "net_income": 682000000,
      "opex": null,
      "cogs": 701000000,
      "rd": null,
      "sga": 565000000,
      "fcf": 784000000,
      "ocf": 951000000,
      "capex": -167000000,
      "gross_margin": 0.7064489112227805,
      "op_margin": null,
      "fcf_margin": 0.32830820770519265,
      "rev_growth_yoy": 0.1101813110181311,
      "rev_growth_yoy_accel": 0.027153788082351277,
      "fcf_margin_change": 0.17159495061074115
    },
    {
      "date": "2024-12-31T00:00:00",
      "quarter_label": "2024-12 (Q4)",
      "revenue": 2317000000,
      "gross_profit": 1610000000,
      "operating_income": null,
      "net_income": 581000000,
      "opex": null,
      "cogs": 707000000,
      "rd": null,
      "sga": 625000000,
      "fcf": 689000000,
      "ocf": 905000000,
      "capex": -216000000,
      "gross_margin": 0.6948640483383686,
      "op_margin": null,
      "fcf_margin": 0.29736728528269313,
      "rev_growth_yoy": 0.04699502937189336,
      "rev_growth_yoy_accel": -0.06318628164623774,
      "fcf_margin_change": -0.030940922422499517
    },
    {
      "date": "2025-03-31T00:00:00",
      "quarter_label": "2025-03 (Q1)",
      "revenue": 2220000000,
      "gross_profit": 1598000000,
      "operating_income": null,
      "net_income": 631000000,
      "opex": null,
      "cogs": 622000000,
      "rd": null,
      "sga": 563000000,
      "fcf": 438000000,
      "ocf": 587000000,
      "capex": -149000000,
      "gross_margin": 0.7198198198198198,
      "op_margin": null,
      "fcf_margin": 0.1972972972972973,
      "rev_growth_yoy": 0.0136986301369863,
      "rev_growth_yoy_accel": -0.033296399234907056,
      "fcf_margin_change": -0.10006998798539582
    },
    {
      "date": "2025-06-30T00:00:00",
      "quarter_label": "2025-06 (Q2)",
      "revenue": 2460000000,
      "gross_profit": 1811000000,
      "operating_income": null,
      "net_income": 718000000,
      "opex": null,
      "cogs": 649000000,
      "rd": null,
      "sga": 617000000,
      "fcf": 308000000,
      "ocf": 486000000,
      "capex": -178000000,
      "gross_margin": 0.7361788617886179,
      "op_margin": null,
      "fcf_margin": 0.12520325203252033,
      "rev_growth_yoy": 0.04193138500635324,
      "rev_growth_yoy_accel": 0.02823275486936694,
      "fcf_margin_change": -0.07209404526477697
    },
    {
      "date": "2025-09-30T00:00:00",
      "quarter_label": "2025-09 (Q3)",
      "revenue": 2400000000,
      "gross_profit": 1717000000,
      "operating_income": null,
      "net_income": 721000000,
      "opex": null,
      "cogs": 683000000,
      "rd": null,
      "sga": 579000000,
      "fcf": 805000000,
      "ocf": 938000000,
      "capex": -133000000,
      "gross_margin": 0.7154166666666667,
      "op_margin": null,
      "fcf_margin": 0.33541666666666664,
      "rev_growth_yoy": 0.005025125628140704,
      "rev_growth_yoy_accel": -0.036906259378212534,
      "fcf_margin_change": 0.2102134146341463
    },
    {
      "date": "2025-12-31T00:00:00",
      "quarter_label": "2025-12 (Q4)",
      "revenue": 2387000000,
      "gross_profit": 1675000000,
      "operating_income": null,
      "net_income": 603000000,
      "opex": null,
      "cogs": 712000000,
      "rd": null,
      "sga": 619000000,
      "fcf": 732000000,
      "ocf": 893000000,
      "capex": -161000000,
      "gross_margin": 0.7017176372015081,
      "op_margin": null,
      "fcf_margin": 0.30666108085462923,
      "rev_growth_yoy": 0.030211480362537766,
      "rev_growth_yoy_accel": 0.02518635473439706,
      "fcf_margin_change": -0.02875558581203741
    }
  ],
  "signals": [
    {
      "quarter": "2025-09 (Q3)",
      "signal": "FCF MARGIN EXPANSION",
      "detail": "FCF margin: +12.5% -> +33.5% (+21.0%)",
      "severity": "MEDIUM"
    },
    {
      "quarter": "2025-03 (Q1)",
      "signal": "GROSS MARGIN INFLECTION",
      "detail": "GM: +70.6% -> +69.5% -> +72.0% (reversal +2.5%)",
      "severity": "MEDIUM"
    },
    {
      "quarter": "2024-12 (Q4)",
      "signal": "YoY REVENUE GROWTH DECELERATION",
      "detail": "YoY growth: +4.7% vs prior quarter YoY: +11.0% (decel: -6.3%)",
      "severity": "WARNING"
    },
    {
      "quarter": "2024-09 (Q3)",
      "signal": "FCF MARGIN EXPANSION",
      "detail": "FCF margin: +15.7% -> +32.8% (+17.2%)",
      "severity": "MEDIUM"
    },
    {
      "quarter": "2024-03 (Q1)",
      "signal": "GROSS MARGIN INFLECTION",
      "detail": "GM: +70.3% -> +67.1% -> +70.6% (reversal +3.5%)",
      "severity": "MEDIUM"
    },
    {
      "quarter": "2023-09 (Q3)",
      "signal": "FCF MARGIN EXPANSION",
      "detail": "FCF margin: +0.8% -> +26.9% (+26.1%)",
      "severity": "MEDIUM"
    },
    {
      "quarter": "2023-06 (Q2)",
      "signal": "YoY REVENUE GROWTH ACCELERATION",
      "detail": "YoY growth: +6.2% vs prior quarter YoY: +0.7% (accel: +5.5%)",
      "severity": "MEDIUM"
    },
    {
      "quarter": "2023-03 (Q1)",
      "signal": "GROSS MARGIN INFLECTION",
      "detail": "GM: +69.7% -> +68.0% -> +70.6% (reversal +2.6%)",
      "severity": "MEDIUM"
    },
    {
      "quarter": "2022-12 (Q4)",
      "signal": "FCF MARGIN EXPANSION",
      "detail": "FCF margin: +18.6% -> +27.9% (+9.4%)",
      "severity": "MEDIUM"
    },
    {
      "quarter": "2022-09 (Q3)",
      "signal": "FCF MARGIN EXPANSION",
      "detail": "FCF margin: +9.3% -> +18.6% (+9.3%)",
      "severity": "MEDIUM"
    },
    {
      "quarter": "2021-09 (Q3)",
      "signal": "FCF MARGIN EXPANSION",
      "detail": "FCF margin: +18.9% -> +26.8% (+7.9%)",
      "severity": "MEDIUM"
    }
  ],
  "data_quality": {
    "n_quarters": 20,
    "coverage": {
      "revenue": [
        20,
        20
      ],
      "gross_profit": [
        20,
        20
      ],
      "op_income": [
        0,
        20
      ],
      "fcf": [
        20,
        20
      ]
    },
    "gaps": [],
    "warnings": [
      "op_income: no data"
    ]
  },
  "market_cap": null,
  "source": "SEC EDGAR",
  "last_updated": "2026-02-13T11:39:50.947641"
}