{
  "ticker": "ZYME",
  "name": "Zymeworks Inc.",
  "quarters": [
    {
      "date": "2021-09-30T00:00:00",
      "quarter_label": "2021-09 (Q3)",
      "revenue": 4395000,
      "gross_profit": null,
      "operating_income": -60964000,
      "net_income": -60579000,
      "opex": 65359000,
      "cogs": null,
      "rd": 49893000,
      "sga": null,
      "fcf": null,
      "ocf": null,
      "capex": null,
      "gross_margin": null,
      "op_margin": -13.871217292377702,
      "fcf_margin": null
    },
    {
      "date": "2021-12-31T00:00:00",
      "quarter_label": "2021-12 (Q4)",
      "revenue": 19870000,
      "gross_profit": null,
      "operating_income": -40849000,
      "net_income": -39152000,
      "opex": 60719000,
      "cogs": null,
      "rd": 54865000,
      "sga": null,
      "fcf": -55292000,
      "ocf": -50509000,
      "capex": -4783000,
      "gross_margin": null,
      "op_margin": -2.0558127830900856,
      "fcf_margin": -2.782687468545546,
      "op_leverage_ratio": Infinity
    },
    {
      "date": "2022-03-31T00:00:00",
      "quarter_label": "2022-03 (Q1)",
      "revenue": 1916000,
      "gross_profit": null,
      "operating_income": -72686000,
      "net_income": -72625000,
      "opex": 74602000,
      "cogs": null,
      "rd": 62510000,
      "sga": null,
      "fcf": -59570000,
      "ocf": -55412000,
      "capex": -4158000,
      "gross_margin": null,
      "op_margin": -37.93632567849687,
      "fcf_margin": -31.09081419624217,
      "fcf_margin_change": -28.308126727696624
    },
    {
      "date": "2022-06-30T00:00:00",
      "quarter_label": "2022-06 (Q2)",
      "revenue": 5442000,
      "gross_profit": null,
      "operating_income": -65823000,
      "net_income": -64619000,
      "opex": 71265000,
      "cogs": null,
      "rd": 56022000,
      "sga": null,
      "fcf": -57487000,
      "ocf": -54824000,
      "capex": -2663000,
      "gross_margin": null,
      "op_margin": -12.095369349503859,
      "fcf_margin": -10.563579566335905,
      "op_leverage_ratio": Infinity,
      "fcf_margin_change": 20.527234629906268
    },
    {
      "date": "2022-09-30T00:00:00",
      "quarter_label": "2022-09 (Q3)",
      "revenue": 2631000,
      "gross_profit": null,
      "operating_income": -50358000,
      "net_income": -47846000,
      "opex": 52989000,
      "cogs": null,
      "rd": 37097000,
      "sga": null,
      "fcf": -73996000,
      "ocf": -73015000,
      "capex": -981000,
      "gross_margin": null,
      "op_margin": -19.140250855188143,
      "fcf_margin": -28.124667426833902,
      "incr_op_margin_yoy": -6.012471655328798,
      "rev_growth_yoy": -0.4013651877133106,
      "fcf_margin_change": -17.561087860498
    },
    {
      "date": "2022-12-31T00:00:00",
      "quarter_label": "2022-12 (Q4)",
      "revenue": 402493000,
      "gross_profit": null,
      "operating_income": 319395000,
      "net_income": 309431000,
      "opex": 83098000,
      "cogs": null,
      "rd": 52967000,
      "sga": null,
      "fcf": 327012000,
      "ocf": 327360000,
      "capex": -348000,
      "gross_margin": null,
      "op_margin": 0.793541751036664,
      "fcf_margin": 0.8124663037618045,
      "incr_op_margin_yoy": 0.9415116184860816,
      "rev_growth_yoy": 19.256316054353295,
      "rev_growth_yoy_accel": 19.657681242066605,
      "op_leverage_ratio": 267.4722171927742,
      "fcf_margin_change": 28.937133730595708
    },
    {
      "date": "2023-03-31T00:00:00",
      "quarter_label": "2023-03 (Q1)",
      "revenue": 35578000,
      "gross_profit": null,
      "operating_income": -27281000,
      "net_income": -24353000,
      "opex": 62859000,
      "cogs": null,
      "rd": 45912000,
      "sga": null,
      "fcf": -83577000,
      "ocf": -83191000,
      "capex": -386000,
      "gross_margin": null,
      "op_margin": -0.7667940862330653,
      "fcf_margin": -2.349120242846703,
      "incr_op_margin_yoy": 1.3488503356900956,
      "rev_growth_yoy": 17.568893528183715,
      "rev_growth_yoy_accel": -1.6874225261695806,
      "fcf_margin_change": -3.1615865466085076
    },
    {
      "date": "2023-06-30T00:00:00",
      "quarter_label": "2023-06 (Q2)",
      "revenue": 7002000,
      "gross_profit": null,
      "operating_income": -54114000,
      "net_income": -51152000,
      "opex": 61116000,
      "cogs": null,
      "rd": 39408000,
      "sga": null,
      "fcf": -7201000,
      "ocf": -6399000,
      "capex": -802000,
      "gross_margin": null,
      "op_margin": -7.728363324764353,
      "fcf_margin": -1.0284204512996287,
      "incr_op_margin_yoy": 7.505769230769231,
      "rev_growth_yoy": 0.2866593164277839,
      "rev_growth_yoy_accel": -17.28223421175593,
      "fcf_margin_change": 1.3206997915470742
    },
    {
      "date": "2023-09-30T00:00:00",
      "quarter_label": "2023-09 (Q3)",
      "revenue": 16506000,
      "gross_profit": null,
      "operating_income": -33237000,
      "net_income": -28687000,
      "opex": 49743000,
      "cogs": null,
      "rd": 32775000,
      "sga": null,
      "fcf": -43597000,
      "ocf": -42667000,
      "capex": -930000,
      "gross_margin": null,
      "op_margin": -2.013631406761178,
      "fcf_margin": -2.6412819580758513,
      "incr_op_margin_yoy": 1.2339459459459459,
      "rev_growth_yoy": 5.273660205245154,
      "rev_growth_yoy_accel": 4.98700088881737,
      "op_leverage_ratio": Infinity,
      "fcf_margin_change": -1.6128615067762226
    },
    {
      "date": "2023-12-31T00:00:00",
      "quarter_label": "2023-12 (Q4)",
      "revenue": 16926000,
      "gross_profit": null,
      "operating_income": -23421000,
      "net_income": -14482000,
      "opex": 40347000,
      "cogs": null,
      "rd": 25524000,
      "sga": null,
      "fcf": 13598000,
      "ocf": 13954000,
      "capex": -356000,
      "gross_margin": null,
      "op_margin": -1.3837291740517548,
      "fcf_margin": 0.8033794162826421,
      "incr_op_margin_yoy": 0.889121735003255,
      "rev_growth_yoy": -0.9579470947320823,
      "rev_growth_yoy_accel": -6.231607299977236,
      "op_leverage_ratio": Infinity,
      "fcf_margin_change": 3.4446613743584935
    },
    {
      "date": "2024-03-31T00:00:00",
      "quarter_label": "2024-03 (Q1)",
      "revenue": 10030000,
      "gross_profit": null,
      "operating_income": -37802000,
      "net_income": -31653000,
      "opex": 47832000,
      "cogs": null,
      "rd": 32042000,
      "sga": null,
      "fcf": -37860000,
      "ocf": -37675000,
      "capex": -185000,
      "gross_margin": null,
      "op_margin": -3.76889332003988,
      "fcf_margin": -3.774675972083749,
      "incr_op_margin_yoy": 0.4118130577736026,
      "rev_growth_yoy": -0.7180842093428523,
      "rev_growth_yoy_accel": 0.23986288538922995,
      "fcf_margin_change": -4.578055388366391
    },
    {
      "date": "2024-06-30T00:00:00",
      "quarter_label": "2024-06 (Q2)",
      "revenue": 19243000,
      "gross_profit": null,
      "operating_income": -42886000,
      "net_income": -37686000,
      "opex": 62129000,
      "cogs": null,
      "rd": null,
      "sga": null,
      "fcf": -25586000,
      "ocf": -24993000,
      "capex": -593000,
      "gross_margin": null,
      "op_margin": -2.2286545756898613,
      "fcf_margin": -1.3296263576365432,
      "incr_op_margin_yoy": 0.9172453230945184,
      "rev_growth_yoy": 1.7482147957726364,
      "rev_growth_yoy_accel": 2.4662990051154887,
      "op_leverage_ratio": 3.073079258412773,
      "fcf_margin_change": 2.4450496144472056
    },
    {
      "date": "2024-09-30T00:00:00",
      "quarter_label": "2024-09 (Q3)",
      "revenue": 16000000,
      "gross_profit": null,
      "operating_income": -34205000,
      "net_income": -29850000,
      "opex": 50205000,
      "cogs": null,
      "rd": null,
      "sga": null,
      "fcf": -6779000,
      "ocf": -5880000,
      "capex": -899000,
      "gross_margin": null,
      "op_margin": -2.1378125,
      "fcf_margin": -0.4236875,
      "rev_growth_yoy": -0.030655519205137524,
      "rev_growth_yoy_accel": -1.7788703149777738,
      "fcf_margin_change": 0.9059388576365432
    },
    {
      "date": "2024-12-31T00:00:00",
      "quarter_label": "2024-12 (Q4)",
      "revenue": 31031000,
      "gross_profit": null,
      "operating_income": -22217000,
      "net_income": -23506000,
      "opex": 53248000,
      "cogs": null,
      "rd": null,
      "sga": null,
      "fcf": -41810000,
      "ocf": -41496000,
      "capex": -314000,
      "gross_margin": null,
      "op_margin": -0.7159614578969418,
      "fcf_margin": -1.3473623151042506,
      "incr_op_margin_yoy": 0.08535980148883375,
      "rev_growth_yoy": 0.8333333333333334,
      "rev_growth_yoy_accel": 0.8639888525384709,
      "op_leverage_ratio": 15.49932950624384,
      "fcf_margin_change": -0.9236748151042506
    },
    {
      "date": "2025-03-31T00:00:00",
      "quarter_label": "2025-03 (Q1)",
      "revenue": 27110000,
      "gross_profit": null,
      "operating_income": -25613000,
      "net_income": -22636000,
      "opex": 52723000,
      "cogs": null,
      "rd": null,
      "sga": null,
      "fcf": -3423000,
      "ocf": -3407000,
      "capex": -16000,
      "gross_margin": null,
      "op_margin": -0.9447805237919586,
      "fcf_margin": -0.12626337144964958,
      "incr_op_margin_yoy": 0.7136416861826698,
      "rev_growth_yoy": 1.7028913260219343,
      "rev_growth_yoy_accel": 0.8695579926886009,
      "fcf_margin_change": 1.2210989436546011
    },
    {
      "date": "2025-06-30T00:00:00",
      "quarter_label": "2025-06 (Q2)",
      "revenue": 48726000,
      "gross_profit": null,
      "operating_income": -674000,
      "net_income": 2317000,
      "opex": 49400000,
      "cogs": null,
      "rd": null,
      "sga": null,
      "fcf": 11559000,
      "ocf": 12073000,
      "capex": -514000,
      "gross_margin": null,
      "op_margin": -0.013832450847596765,
      "fcf_margin": 0.2372244797438739,
      "incr_op_margin_yoy": 1.4317403249330123,
      "rev_growth_yoy": 1.5321415579691315,
      "rev_growth_yoy_accel": -0.17074976805280273,
      "op_leverage_ratio": Infinity,
      "fcf_margin_change": 0.36348785119352345
    },
    {
      "date": "2025-09-30T00:00:00",
      "quarter_label": "2025-09 (Q3)",
      "revenue": 27614000,
      "gross_profit": null,
      "operating_income": -22110000,
      "net_income": -19602000,
      "opex": 49724000,
      "cogs": null,
      "rd": null,
      "sga": null,
      "fcf": -31822000,
      "ocf": -31412000,
      "capex": -410000,
      "gross_margin": null,
      "op_margin": -0.8006808140798146,
      "fcf_margin": -1.1523864706308393,
      "incr_op_margin_yoy": 1.041415532977441,
      "rev_growth_yoy": 0.725875,
      "rev_growth_yoy_accel": -0.8062665579691315,
      "fcf_margin_change": -1.3896109503747132
    }
  ],
  "signals": [
    {
      "quarter": "2025-09 (Q3)",
      "signal": "YoY REVENUE GROWTH DECELERATION",
      "detail": "YoY growth: +72.6% vs prior quarter YoY: +153.2% (decel: -80.6%)",
      "severity": "WARNING"
    },
    {
      "quarter": "2025-06 (Q2)",
      "signal": "FCF TURNED POSITIVE",
      "detail": "FCF margin: -12.6% -> +23.7%",
      "severity": "HIGH"
    },
    {
      "quarter": "2025-06 (Q2)",
      "signal": "YoY REVENUE GROWTH DECELERATION",
      "detail": "YoY growth: +153.2% vs prior quarter YoY: +170.3% (decel: -17.1%)",
      "severity": "WARNING"
    },
    {
      "quarter": "2025-03 (Q1)",
      "signal": "FCF MARGIN EXPANSION",
      "detail": "FCF margin: -134.7% -> -12.6% (+122.1%)",
      "severity": "MEDIUM"
    },
    {
      "quarter": "2025-03 (Q1)",
      "signal": "YoY REVENUE GROWTH ACCELERATION",
      "detail": "YoY growth: +170.3% vs prior quarter YoY: +83.3% (accel: +87.0%)",
      "severity": "HIGH"
    },
    {
      "quarter": "2024-12 (Q4)",
      "signal": "OPERATING LEVERAGE",
      "detail": "Rev growth +93.9% vs OpEx growth +6.1% (leverage: 15.5x)",
      "severity": "MEDIUM"
    },
    {
      "quarter": "2024-12 (Q4)",
      "signal": "YoY REVENUE GROWTH ACCELERATION",
      "detail": "YoY growth: +83.3% vs prior quarter YoY: -3.1% (accel: +86.4%)",
      "severity": "HIGH"
    },
    {
      "quarter": "2024-09 (Q3)",
      "signal": "FCF MARGIN EXPANSION",
      "detail": "FCF margin: -133.0% -> -42.4% (+90.6%)",
      "severity": "MEDIUM"
    },
    {
      "quarter": "2024-09 (Q3)",
      "signal": "YoY REVENUE GROWTH DECELERATION",
      "detail": "YoY growth: -3.1% vs prior quarter YoY: +174.8% (decel: -177.9%)",
      "severity": "WARNING"
    },
    {
      "quarter": "2024-06 (Q2)",
      "signal": "FCF MARGIN EXPANSION",
      "detail": "FCF margin: -377.5% -> -133.0% (+244.5%)",
      "severity": "MEDIUM"
    },
    {
      "quarter": "2024-06 (Q2)",
      "signal": "OPERATING LEVERAGE",
      "detail": "Rev growth +91.9% vs OpEx growth +29.9% (leverage: 3.1x)",
      "severity": "MEDIUM"
    },
    {
      "quarter": "2024-06 (Q2)",
      "signal": "YoY REVENUE GROWTH ACCELERATION",
      "detail": "YoY growth: +174.8% vs prior quarter YoY: -71.8% (accel: +246.6%)",
      "severity": "HIGH"
    },
    {
      "quarter": "2024-03 (Q1)",
      "signal": "YoY REVENUE GROWTH ACCELERATION",
      "detail": "YoY growth: -71.8% vs prior quarter YoY: -95.8% (accel: +24.0%)",
      "severity": "HIGH"
    },
    {
      "quarter": "2023-12 (Q4)",
      "signal": "FCF TURNED POSITIVE",
      "detail": "FCF margin: -264.1% -> +80.3%",
      "severity": "HIGH"
    },
    {
      "quarter": "2023-12 (Q4)",
      "signal": "YoY REVENUE GROWTH DECELERATION",
      "detail": "YoY growth: -95.8% vs prior quarter YoY: +527.4% (decel: -623.2%)",
      "severity": "WARNING"
    },
    {
      "quarter": "2023-09 (Q3)",
      "signal": "YoY REVENUE GROWTH ACCELERATION",
      "detail": "YoY growth: +527.4% vs prior quarter YoY: +28.7% (accel: +498.7%)",
      "severity": "HIGH"
    },
    {
      "quarter": "2023-06 (Q2)",
      "signal": "FCF MARGIN EXPANSION",
      "detail": "FCF margin: -234.9% -> -102.8% (+132.1%)",
      "severity": "MEDIUM"
    },
    {
      "quarter": "2023-06 (Q2)",
      "signal": "YoY REVENUE GROWTH DECELERATION",
      "detail": "YoY growth: +28.7% vs prior quarter YoY: +1756.9% (decel: -1728.2%)",
      "severity": "WARNING"
    },
    {
      "quarter": "2023-03 (Q1)",
      "signal": "YoY REVENUE GROWTH DECELERATION",
      "detail": "YoY growth: +1756.9% vs prior quarter YoY: +1925.6% (decel: -168.7%)",
      "severity": "WARNING"
    },
    {
      "quarter": "2022-12 (Q4)",
      "signal": "FCF TURNED POSITIVE",
      "detail": "FCF margin: -2812.5% -> +81.2%",
      "severity": "HIGH"
    },
    {
      "quarter": "2022-12 (Q4)",
      "signal": "OPERATING LEVERAGE",
      "detail": "Rev growth +15198.1% vs OpEx growth +56.8% (leverage: 267.5x)",
      "severity": "MEDIUM"
    },
    {
      "quarter": "2022-12 (Q4)",
      "signal": "YoY REVENUE GROWTH ACCELERATION",
      "detail": "YoY growth: +1925.6% vs prior quarter YoY: -40.1% (accel: +1965.8%)",
      "severity": "HIGH"
    },
    {
      "quarter": "2022-12 (Q4)",
      "signal": "OP MARGIN TURNED POSITIVE (YoY)",
      "detail": "Op margin: -205.6% (year-ago) -> +79.4%",
      "severity": "HIGH"
    },
    {
      "quarter": "2022-12 (Q4)",
      "signal": "OP MARGIN TURNED POSITIVE (QoQ)",
      "detail": "Op margin: -1914.0% -> +79.4%",
      "severity": "HIGH"
    },
    {
      "quarter": "2022-06 (Q2)",
      "signal": "FCF MARGIN EXPANSION",
      "detail": "FCF margin: -3109.1% -> -1056.4% (+2052.7%)",
      "severity": "MEDIUM"
    }
  ],
  "data_quality": {
    "n_quarters": 17,
    "coverage": {
      "revenue": [
        17,
        17
      ],
      "gross_profit": [
        0,
        17
      ],
      "op_income": [
        17,
        17
      ],
      "fcf": [
        16,
        17
      ]
    },
    "gaps": [],
    "warnings": [
      "gross_profit: no data"
    ]
  },
  "market_cap": null,
  "source": "SEC EDGAR",
  "last_updated": "2026-02-02T21:41:34.849226"
}